{"timestamp": "2025-07-28T13:06:50.976992", "symbol": "AAPL", "side": "bid", "price": 150.25, "size": 100, "operation": "update"}
{"timestamp": "2025-07-28T12:09:38.074571+00:00", "symbol": "AAPL", "side": "bid", "price": 150.25, "size": 100, "operation": "update"}
{"timestamp": "2025-07-28T12:09:38.097704+00:00", "symbol": "AAPL", "side": "bid", "price": 150.0, "size": 100, "operation": "update"}
{"timestamp": "2025-07-28T12:09:38.137840+00:00", "symbol": "AAPL", "side": "ask", "price": 150.03, "size": 103, "operation": "update"}
{"timestamp": "2025-07-28T12:09:38.178585+00:00", "symbol": "AAPL", "side": "bid", "price": 150.06, "size": 106, "operation": "update"}
{"timestamp": "2025-07-28T12:09:38.220086+00:00", "symbol": "AAPL", "side": "ask", "price": 150.09, "size": 109, "operation": "update"}
{"timestamp": "2025-07-28T12:09:38.259973+00:00", "symbol": "AAPL", "side": "bid", "price": 150.12, "size": 112, "operation": "update"}
{"timestamp": "2025-07-28T12:09:38.299340+00:00", "symbol": "AAPL", "side": "ask", "price": 150.15, "size": 115, "operation": "update"}
{"timestamp": "2025-07-28T12:09:38.339297+00:00", "symbol": "AAPL", "side": "bid", "price": 150.18, "size": 118, "operation": "update"}
{"timestamp": "2025-07-28T12:09:38.381044+00:00", "symbol": "AAPL", "side": "ask", "price": 150.21, "size": 121, "operation": "update"}
{"timestamp": "2025-07-28T12:09:38.421385+00:00", "symbol": "AAPL", "side": "bid", "price": 150.24, "size": 124, "operation": "update"}
{"timestamp": "2025-07-28T12:09:38.461848+00:00", "symbol": "AAPL", "side": "ask", "price": 150.27, "size": 127, "operation": "update"}
{"timestamp": "2025-07-28T12:09:38.501972+00:00", "symbol": "AAPL", "side": "bid", "price": 150.3, "size": 130, "operation": "update"}
{"timestamp": "2025-07-28T12:09:38.542367+00:00", "symbol": "AAPL", "side": "ask", "price": 150.33, "size": 133, "operation": "update"}
{"timestamp": "2025-07-28T12:09:38.584353+00:00", "symbol": "AAPL", "side": "bid", "price": 150.36, "size": 136, "operation": "update"}
{"timestamp": "2025-07-28T12:09:38.626773+00:00", "symbol": "AAPL", "side": "ask", "price": 150.39, "size": 139, "operation": "update"}
{"timestamp": "2025-07-28T12:09:38.666611+00:00", "symbol": "AAPL", "side": "bid", "price": 150.42, "size": 142, "operation": "update"}
{"timestamp": "2025-07-28T12:09:38.707058+00:00", "symbol": "AAPL", "side": "ask", "price": 150.45, "size": 145, "operation": "update"}
{"timestamp": "2025-07-28T12:09:38.746791+00:00", "symbol": "AAPL", "side": "bid", "price": 150.48, "size": 148, "operation": "update"}
{"timestamp": "2025-07-28T12:09:38.786235+00:00", "symbol": "AAPL", "side": "ask", "price": 150.51, "size": 101, "operation": "update"}
{"timestamp": "2025-07-28T12:09:38.826556+00:00", "symbol": "AAPL", "side": "bid", "price": 150.54, "size": 104, "operation": "update"}
{"timestamp": "2025-07-28T12:09:38.866476+00:00", "symbol": "AAPL", "side": "ask", "price": 150.57, "size": 107, "operation": "update"}
{"timestamp": "2025-07-28T12:09:38.905603+00:00", "symbol": "AAPL", "side": "bid", "price": 150.6, "size": 110, "operation": "update"}
{"timestamp": "2025-07-28T12:09:38.948194+00:00", "symbol": "AAPL", "side": "ask", "price": 150.63, "size": 113, "operation": "update"}
{"timestamp": "2025-07-28T12:09:38.988281+00:00", "symbol": "AAPL", "side": "bid", "price": 150.66, "size": 116, "operation": "update"}
{"timestamp": "2025-07-28T12:09:39.028700+00:00", "symbol": "AAPL", "side": "ask", "price": 150.69, "size": 119, "operation": "update"}
{"timestamp": "2025-07-28T12:09:39.068521+00:00", "symbol": "AAPL", "side": "bid", "price": 150.72, "size": 122, "operation": "update"}
{"timestamp": "2025-07-28T12:09:39.108976+00:00", "symbol": "AAPL", "side": "ask", "price": 150.75, "size": 125, "operation": "update"}
{"timestamp": "2025-07-28T12:09:39.150714+00:00", "symbol": "AAPL", "side": "bid", "price": 150.78, "size": 128, "operation": "update"}
{"timestamp": "2025-07-28T12:09:39.190299+00:00", "symbol": "AAPL", "side": "ask", "price": 150.81, "size": 131, "operation": "update"}
{"timestamp": "2025-07-28T12:09:39.230497+00:00", "symbol": "AAPL", "side": "bid", "price": 150.84, "size": 134, "operation": "update"}
{"timestamp": "2025-07-28T12:09:39.276780+00:00", "symbol": "AAPL", "side": "ask", "price": 150.87, "size": 137, "operation": "update"}
{"timestamp": "2025-07-28T12:09:39.317883+00:00", "symbol": "AAPL", "side": "bid", "price": 150.9, "size": 140, "operation": "update"}
{"timestamp": "2025-07-28T12:09:39.359329+00:00", "symbol": "AAPL", "side": "ask", "price": 150.93, "size": 143, "operation": "update"}
{"timestamp": "2025-07-28T12:09:39.399506+00:00", "symbol": "AAPL", "side": "bid", "price": 150.96, "size": 146, "operation": "update"}
{"timestamp": "2025-07-28T12:09:39.439514+00:00", "symbol": "AAPL", "side": "ask", "price": 150.99, "size": 149, "operation": "update"}
{"timestamp": "2025-07-28T12:09:39.479330+00:00", "symbol": "AAPL", "side": "bid", "price": 150.02, "size": 102, "operation": "update"}
{"timestamp": "2025-07-28T12:09:39.520203+00:00", "symbol": "AAPL", "side": "ask", "price": 150.05, "size": 105, "operation": "update"}
{"timestamp": "2025-07-28T12:09:39.560551+00:00", "symbol": "AAPL", "side": "bid", "price": 150.08, "size": 108, "operation": "update"}
{"timestamp": "2025-07-28T12:09:39.601432+00:00", "symbol": "AAPL", "side": "ask", "price": 150.11, "size": 111, "operation": "update"}
{"timestamp": "2025-07-28T12:09:39.641289+00:00", "symbol": "AAPL", "side": "bid", "price": 150.14, "size": 114, "operation": "update"}
{"timestamp": "2025-07-28T12:09:39.681168+00:00", "symbol": "AAPL", "side": "ask", "price": 150.17, "size": 117, "operation": "update"}
{"timestamp": "2025-07-28T12:09:39.722286+00:00", "symbol": "AAPL", "side": "bid", "price": 150.2, "size": 120, "operation": "update"}
{"timestamp": "2025-07-28T12:09:39.762942+00:00", "symbol": "AAPL", "side": "ask", "price": 150.23, "size": 123, "operation": "update"}
{"timestamp": "2025-07-28T12:09:39.802869+00:00", "symbol": "AAPL", "side": "bid", "price": 150.26, "size": 126, "operation": "update"}
{"timestamp": "2025-07-28T12:09:39.844019+00:00", "symbol": "AAPL", "side": "ask", "price": 150.29, "size": 129, "operation": "update"}
{"timestamp": "2025-07-28T12:09:39.884398+00:00", "symbol": "AAPL", "side": "bid", "price": 150.32, "size": 132, "operation": "update"}
{"timestamp": "2025-07-28T12:09:39.923829+00:00", "symbol": "AAPL", "side": "ask", "price": 150.35, "size": 135, "operation": "update"}
{"timestamp": "2025-07-28T12:09:39.964130+00:00", "symbol": "AAPL", "side": "bid", "price": 150.38, "size": 138, "operation": "update"}
{"timestamp": "2025-07-28T12:09:40.004442+00:00", "symbol": "AAPL", "side": "ask", "price": 150.41, "size": 141, "operation": "update"}
{"timestamp": "2025-07-28T12:09:40.043506+00:00", "symbol": "AAPL", "side": "bid", "price": 150.44, "size": 144, "operation": "update"}
{"timestamp": "2025-07-28T12:09:40.085181+00:00", "symbol": "AAPL", "side": "ask", "price": 150.47, "size": 147, "operation": "update"}
{"timestamp": "2025-07-28T12:09:40.124688+00:00", "symbol": "AAPL", "side": "bid", "price": 150.5, "size": 100, "operation": "update"}
{"timestamp": "2025-07-28T12:09:40.164197+00:00", "symbol": "AAPL", "side": "ask", "price": 150.53, "size": 103, "operation": "update"}
{"timestamp": "2025-07-28T12:09:40.206028+00:00", "symbol": "AAPL", "side": "bid", "price": 150.56, "size": 106, "operation": "update"}
{"timestamp": "2025-07-28T12:09:40.245584+00:00", "symbol": "AAPL", "side": "ask", "price": 150.59, "size": 109, "operation": "update"}
{"timestamp": "2025-07-28T12:09:40.284946+00:00", "symbol": "AAPL", "side": "bid", "price": 150.62, "size": 112, "operation": "update"}
{"timestamp": "2025-07-28T12:09:40.326066+00:00", "symbol": "AAPL", "side": "ask", "price": 150.65, "size": 115, "operation": "update"}
{"timestamp": "2025-07-28T12:09:40.366718+00:00", "symbol": "AAPL", "side": "bid", "price": 150.68, "size": 118, "operation": "update"}
{"timestamp": "2025-07-28T12:09:40.405768+00:00", "symbol": "AAPL", "side": "ask", "price": 150.71, "size": 121, "operation": "update"}
{"timestamp": "2025-07-28T12:09:40.445927+00:00", "symbol": "AAPL", "side": "bid", "price": 150.74, "size": 124, "operation": "update"}
{"timestamp": "2025-07-28T12:09:40.485816+00:00", "symbol": "AAPL", "side": "ask", "price": 150.77, "size": 127, "operation": "update"}
{"timestamp": "2025-07-28T12:09:40.525719+00:00", "symbol": "AAPL", "side": "bid", "price": 150.8, "size": 130, "operation": "update"}
{"timestamp": "2025-07-28T12:09:40.568690+00:00", "symbol": "AAPL", "side": "ask", "price": 150.83, "size": 133, "operation": "update"}
{"timestamp": "2025-07-28T12:09:40.609011+00:00", "symbol": "AAPL", "side": "bid", "price": 150.86, "size": 136, "operation": "update"}
{"timestamp": "2025-07-28T12:09:40.649472+00:00", "symbol": "AAPL", "side": "ask", "price": 150.89, "size": 139, "operation": "update"}
{"timestamp": "2025-07-28T12:09:40.689285+00:00", "symbol": "AAPL", "side": "bid", "price": 150.92, "size": 142, "operation": "update"}
{"timestamp": "2025-07-28T12:09:40.729233+00:00", "symbol": "AAPL", "side": "ask", "price": 150.95, "size": 145, "operation": "update"}
{"timestamp": "2025-07-28T12:09:40.768888+00:00", "symbol": "AAPL", "side": "bid", "price": 150.98, "size": 148, "operation": "update"}
{"timestamp": "2025-07-28T12:09:40.809117+00:00", "symbol": "AAPL", "side": "ask", "price": 150.01, "size": 101, "operation": "update"}
{"timestamp": "2025-07-28T12:09:40.848760+00:00", "symbol": "AAPL", "side": "bid", "price": 150.04, "size": 104, "operation": "update"}
{"timestamp": "2025-07-28T12:09:40.888625+00:00", "symbol": "AAPL", "side": "ask", "price": 150.07, "size": 107, "operation": "update"}
{"timestamp": "2025-07-28T12:09:40.930362+00:00", "symbol": "AAPL", "side": "bid", "price": 150.1, "size": 110, "operation": "update"}
{"timestamp": "2025-07-28T12:09:40.971629+00:00", "symbol": "AAPL", "side": "ask", "price": 150.13, "size": 113, "operation": "update"}
{"timestamp": "2025-07-28T12:09:41.011738+00:00", "symbol": "AAPL", "side": "bid", "price": 150.16, "size": 116, "operation": "update"}
{"timestamp": "2025-07-28T12:09:41.051824+00:00", "symbol": "AAPL", "side": "ask", "price": 150.19, "size": 119, "operation": "update"}
{"timestamp": "2025-07-28T12:09:41.091445+00:00", "symbol": "AAPL", "side": "bid", "price": 150.22, "size": 122, "operation": "update"}
{"timestamp": "2025-07-28T12:09:41.130667+00:00", "symbol": "AAPL", "side": "ask", "price": 150.25, "size": 125, "operation": "update"}
{"timestamp": "2025-07-28T12:09:41.172985+00:00", "symbol": "AAPL", "side": "bid", "price": 150.28, "size": 128, "operation": "update"}
{"timestamp": "2025-07-28T12:09:41.214444+00:00", "symbol": "AAPL", "side": "ask", "price": 150.31, "size": 131, "operation": "update"}
{"timestamp": "2025-07-28T12:09:41.254025+00:00", "symbol": "AAPL", "side": "bid", "price": 150.34, "size": 134, "operation": "update"}
{"timestamp": "2025-07-28T12:09:41.294854+00:00", "symbol": "AAPL", "side": "ask", "price": 150.37, "size": 137, "operation": "update"}
{"timestamp": "2025-07-28T12:09:41.335843+00:00", "symbol": "AAPL", "side": "bid", "price": 150.4, "size": 140, "operation": "update"}
{"timestamp": "2025-07-28T12:09:41.374951+00:00", "symbol": "AAPL", "side": "ask", "price": 150.43, "size": 143, "operation": "update"}
{"timestamp": "2025-07-28T12:09:41.414699+00:00", "symbol": "AAPL", "side": "bid", "price": 150.46, "size": 146, "operation": "update"}
{"timestamp": "2025-07-28T12:09:41.457618+00:00", "symbol": "AAPL", "side": "ask", "price": 150.49, "size": 149, "operation": "update"}
{"timestamp": "2025-07-28T12:09:41.496719+00:00", "symbol": "AAPL", "side": "bid", "price": 150.52, "size": 102, "operation": "update"}
{"timestamp": "2025-07-28T12:09:41.536297+00:00", "symbol": "AAPL", "side": "ask", "price": 150.55, "size": 105, "operation": "update"}
{"timestamp": "2025-07-28T12:09:41.578812+00:00", "symbol": "AAPL", "side": "bid", "price": 150.58, "size": 108, "operation": "update"}
{"timestamp": "2025-07-28T12:09:41.619230+00:00", "symbol": "AAPL", "side": "ask", "price": 150.61, "size": 111, "operation": "update"}
{"timestamp": "2025-07-28T12:09:41.658773+00:00", "symbol": "AAPL", "side": "bid", "price": 150.64, "size": 114, "operation": "update"}
{"timestamp": "2025-07-28T12:09:41.700030+00:00", "symbol": "AAPL", "side": "ask", "price": 150.67, "size": 117, "operation": "update"}
{"timestamp": "2025-07-28T12:09:41.739347+00:00", "symbol": "AAPL", "side": "bid", "price": 150.7, "size": 120, "operation": "update"}
{"timestamp": "2025-07-28T12:09:41.778889+00:00", "symbol": "AAPL", "side": "ask", "price": 150.73, "size": 123, "operation": "update"}
{"timestamp": "2025-07-28T12:09:41.820562+00:00", "symbol": "AAPL", "side": "bid", "price": 150.76, "size": 126, "operation": "update"}
{"timestamp": "2025-07-28T12:09:41.859146+00:00", "symbol": "AAPL", "side": "ask", "price": 150.79, "size": 129, "operation": "update"}
{"timestamp": "2025-07-28T12:09:41.898286+00:00", "symbol": "AAPL", "side": "bid", "price": 150.82, "size": 132, "operation": "update"}
{"timestamp": "2025-07-28T12:09:41.940642+00:00", "symbol": "AAPL", "side": "ask", "price": 150.85, "size": 135, "operation": "update"}
{"timestamp": "2025-07-28T12:09:41.980772+00:00", "symbol": "AAPL", "side": "bid", "price": 150.88, "size": 138, "operation": "update"}
{"timestamp": "2025-07-28T12:09:42.022598+00:00", "symbol": "AAPL", "side": "ask", "price": 150.91, "size": 141, "operation": "update"}
{"timestamp": "2025-07-28T12:09:42.073132+00:00", "symbol": "AAPL", "side": "bid", "price": 150.94, "size": 144, "operation": "update"}
{"timestamp": "2025-07-28T12:09:42.112186+00:00", "symbol": "AAPL", "side": "ask", "price": 150.97, "size": 147, "operation": "update"}
{"timestamp": "2025-07-28T12:09:42.153119+00:00", "symbol": "AAPL", "side": "bid", "price": 150.0, "size": 100, "operation": "update"}
{"timestamp": "2025-07-28T12:09:42.195191+00:00", "symbol": "AAPL", "side": "ask", "price": 150.03, "size": 103, "operation": "update"}
{"timestamp": "2025-07-28T12:09:42.234747+00:00", "symbol": "AAPL", "side": "bid", "price": 150.06, "size": 106, "operation": "update"}
{"timestamp": "2025-07-28T12:09:42.275279+00:00", "symbol": "AAPL", "side": "ask", "price": 150.09, "size": 109, "operation": "update"}
{"timestamp": "2025-07-28T12:09:42.314823+00:00", "symbol": "AAPL", "side": "bid", "price": 150.12, "size": 112, "operation": "update"}
{"timestamp": "2025-07-28T12:09:42.354622+00:00", "symbol": "AAPL", "side": "ask", "price": 150.15, "size": 115, "operation": "update"}
{"timestamp": "2025-07-28T12:09:42.394579+00:00", "symbol": "AAPL", "side": "bid", "price": 150.18, "size": 118, "operation": "update"}
{"timestamp": "2025-07-28T12:09:42.437277+00:00", "symbol": "AAPL", "side": "ask", "price": 150.21, "size": 121, "operation": "update"}
{"timestamp": "2025-07-28T12:09:42.476321+00:00", "symbol": "AAPL", "side": "bid", "price": 150.24, "size": 124, "operation": "update"}
{"timestamp": "2025-07-28T12:09:42.515465+00:00", "symbol": "AAPL", "side": "ask", "price": 150.27, "size": 127, "operation": "update"}
{"timestamp": "2025-07-28T12:09:42.555178+00:00", "symbol": "AAPL", "side": "bid", "price": 150.3, "size": 130, "operation": "update"}
{"timestamp": "2025-07-28T12:09:42.594443+00:00", "symbol": "AAPL", "side": "ask", "price": 150.33, "size": 133, "operation": "update"}
{"timestamp": "2025-07-28T12:09:42.635277+00:00", "symbol": "AAPL", "side": "bid", "price": 150.36, "size": 136, "operation": "update"}
{"timestamp": "2025-07-28T12:09:42.674549+00:00", "symbol": "AAPL", "side": "ask", "price": 150.39, "size": 139, "operation": "update"}
{"timestamp": "2025-07-28T12:09:42.713973+00:00", "symbol": "AAPL", "side": "bid", "price": 150.42, "size": 142, "operation": "update"}
{"timestamp": "2025-07-28T12:09:42.754103+00:00", "symbol": "AAPL", "side": "ask", "price": 150.45, "size": 145, "operation": "update"}
{"timestamp": "2025-07-28T12:09:42.796052+00:00", "symbol": "AAPL", "side": "bid", "price": 150.48, "size": 148, "operation": "update"}
{"timestamp": "2025-07-28T12:09:42.835719+00:00", "symbol": "AAPL", "side": "ask", "price": 150.51, "size": 101, "operation": "update"}
{"timestamp": "2025-07-28T12:09:42.875830+00:00", "symbol": "AAPL", "side": "bid", "price": 150.54, "size": 104, "operation": "update"}
{"timestamp": "2025-07-28T12:09:42.915511+00:00", "symbol": "AAPL", "side": "ask", "price": 150.57, "size": 107, "operation": "update"}
{"timestamp": "2025-07-28T12:09:42.954662+00:00", "symbol": "AAPL", "side": "bid", "price": 150.6, "size": 110, "operation": "update"}
{"timestamp": "2025-07-28T12:09:42.994672+00:00", "symbol": "AAPL", "side": "ask", "price": 150.63, "size": 113, "operation": "update"}
{"timestamp": "2025-07-28T12:09:43.036319+00:00", "symbol": "AAPL", "side": "bid", "price": 150.66, "size": 116, "operation": "update"}
{"timestamp": "2025-07-28T12:09:43.076827+00:00", "symbol": "AAPL", "side": "ask", "price": 150.69, "size": 119, "operation": "update"}
{"timestamp": "2025-07-28T12:09:43.118699+00:00", "symbol": "AAPL", "side": "bid", "price": 150.72, "size": 122, "operation": "update"}
{"timestamp": "2025-07-28T12:09:43.158114+00:00", "symbol": "AAPL", "side": "ask", "price": 150.75, "size": 125, "operation": "update"}
{"timestamp": "2025-07-28T12:09:43.197926+00:00", "symbol": "AAPL", "side": "bid", "price": 150.78, "size": 128, "operation": "update"}
{"timestamp": "2025-07-28T12:09:43.239235+00:00", "symbol": "AAPL", "side": "ask", "price": 150.81, "size": 131, "operation": "update"}
{"timestamp": "2025-07-28T12:09:43.279975+00:00", "symbol": "AAPL", "side": "bid", "price": 150.84, "size": 134, "operation": "update"}
{"timestamp": "2025-07-28T12:09:43.319136+00:00", "symbol": "AAPL", "side": "ask", "price": 150.87, "size": 137, "operation": "update"}
{"timestamp": "2025-07-28T12:09:43.358302+00:00", "symbol": "AAPL", "side": "bid", "price": 150.9, "size": 140, "operation": "update"}
{"timestamp": "2025-07-28T12:09:43.398405+00:00", "symbol": "AAPL", "side": "ask", "price": 150.93, "size": 143, "operation": "update"}
{"timestamp": "2025-07-28T12:09:43.438498+00:00", "symbol": "AAPL", "side": "bid", "price": 150.96, "size": 146, "operation": "update"}
{"timestamp": "2025-07-28T12:09:43.477854+00:00", "symbol": "AAPL", "side": "ask", "price": 150.99, "size": 149, "operation": "update"}
{"timestamp": "2025-07-28T12:09:43.517873+00:00", "symbol": "AAPL", "side": "bid", "price": 150.02, "size": 102, "operation": "update"}
{"timestamp": "2025-07-28T12:09:43.557563+00:00", "symbol": "AAPL", "side": "ask", "price": 150.05, "size": 105, "operation": "update"}
{"timestamp": "2025-07-28T12:09:43.598667+00:00", "symbol": "AAPL", "side": "bid", "price": 150.08, "size": 108, "operation": "update"}
{"timestamp": "2025-07-28T12:09:43.638142+00:00", "symbol": "AAPL", "side": "ask", "price": 150.11, "size": 111, "operation": "update"}
{"timestamp": "2025-07-28T12:09:43.677336+00:00", "symbol": "AAPL", "side": "bid", "price": 150.14, "size": 114, "operation": "update"}
{"timestamp": "2025-07-28T12:09:43.718994+00:00", "symbol": "AAPL", "side": "ask", "price": 150.17, "size": 117, "operation": "update"}
{"timestamp": "2025-07-28T12:09:43.758203+00:00", "symbol": "AAPL", "side": "bid", "price": 150.2, "size": 120, "operation": "update"}
{"timestamp": "2025-07-28T12:09:43.797541+00:00", "symbol": "AAPL", "side": "ask", "price": 150.23, "size": 123, "operation": "update"}
{"timestamp": "2025-07-28T12:09:43.838804+00:00", "symbol": "AAPL", "side": "bid", "price": 150.26, "size": 126, "operation": "update"}
{"timestamp": "2025-07-28T12:09:43.878651+00:00", "symbol": "AAPL", "side": "ask", "price": 150.29, "size": 129, "operation": "update"}
{"timestamp": "2025-07-28T12:09:43.919360+00:00", "symbol": "AAPL", "side": "bid", "price": 150.32, "size": 132, "operation": "update"}
{"timestamp": "2025-07-28T12:09:43.958595+00:00", "symbol": "AAPL", "side": "ask", "price": 150.35, "size": 135, "operation": "update"}
{"timestamp": "2025-07-28T12:09:43.998255+00:00", "symbol": "AAPL", "side": "bid", "price": 150.38, "size": 138, "operation": "update"}
{"timestamp": "2025-07-28T12:09:44.037494+00:00", "symbol": "AAPL", "side": "ask", "price": 150.41, "size": 141, "operation": "update"}
{"timestamp": "2025-07-28T12:09:44.078235+00:00", "symbol": "AAPL", "side": "bid", "price": 150.44, "size": 144, "operation": "update"}
{"timestamp": "2025-07-28T12:09:44.117789+00:00", "symbol": "AAPL", "side": "ask", "price": 150.47, "size": 147, "operation": "update"}
{"timestamp": "2025-07-28T12:09:44.156739+00:00", "symbol": "AAPL", "side": "bid", "price": 150.5, "size": 100, "operation": "update"}
{"timestamp": "2025-07-28T12:09:44.196711+00:00", "symbol": "AAPL", "side": "ask", "price": 150.53, "size": 103, "operation": "update"}
{"timestamp": "2025-07-28T12:09:44.243225+00:00", "symbol": "AAPL", "side": "bid", "price": 150.56, "size": 106, "operation": "update"}
{"timestamp": "2025-07-28T12:09:44.283235+00:00", "symbol": "AAPL", "side": "ask", "price": 150.59, "size": 109, "operation": "update"}
{"timestamp": "2025-07-28T12:09:44.322372+00:00", "symbol": "AAPL", "side": "bid", "price": 150.62, "size": 112, "operation": "update"}
{"timestamp": "2025-07-28T12:09:44.362727+00:00", "symbol": "AAPL", "side": "ask", "price": 150.65, "size": 115, "operation": "update"}
{"timestamp": "2025-07-28T12:09:44.401712+00:00", "symbol": "AAPL", "side": "bid", "price": 150.68, "size": 118, "operation": "update"}
{"timestamp": "2025-07-28T12:09:44.442705+00:00", "symbol": "AAPL", "side": "ask", "price": 150.71, "size": 121, "operation": "update"}
{"timestamp": "2025-07-28T12:09:44.484960+00:00", "symbol": "AAPL", "side": "bid", "price": 150.74, "size": 124, "operation": "update"}
{"timestamp": "2025-07-28T12:09:44.524256+00:00", "symbol": "AAPL", "side": "ask", "price": 150.77, "size": 127, "operation": "update"}
{"timestamp": "2025-07-28T12:09:44.565017+00:00", "symbol": "AAPL", "side": "bid", "price": 150.8, "size": 130, "operation": "update"}
{"timestamp": "2025-07-28T12:09:44.605600+00:00", "symbol": "AAPL", "side": "ask", "price": 150.83, "size": 133, "operation": "update"}
{"timestamp": "2025-07-28T12:09:44.646259+00:00", "symbol": "AAPL", "side": "bid", "price": 150.86, "size": 136, "operation": "update"}
{"timestamp": "2025-07-28T12:09:44.686815+00:00", "symbol": "AAPL", "side": "ask", "price": 150.89, "size": 139, "operation": "update"}
{"timestamp": "2025-07-28T12:09:44.726316+00:00", "symbol": "AAPL", "side": "bid", "price": 150.92, "size": 142, "operation": "update"}
{"timestamp": "2025-07-28T12:09:44.765558+00:00", "symbol": "AAPL", "side": "ask", "price": 150.95, "size": 145, "operation": "update"}
{"timestamp": "2025-07-28T12:09:44.805498+00:00", "symbol": "AAPL", "side": "bid", "price": 150.98, "size": 148, "operation": "update"}
{"timestamp": "2025-07-28T12:09:44.845845+00:00", "symbol": "AAPL", "side": "ask", "price": 150.01, "size": 101, "operation": "update"}
{"timestamp": "2025-07-28T12:09:44.885989+00:00", "symbol": "AAPL", "side": "bid", "price": 150.04, "size": 104, "operation": "update"}
{"timestamp": "2025-07-28T12:09:44.925615+00:00", "symbol": "AAPL", "side": "ask", "price": 150.07, "size": 107, "operation": "update"}
{"timestamp": "2025-07-28T12:09:44.965905+00:00", "symbol": "AAPL", "side": "bid", "price": 150.1, "size": 110, "operation": "update"}
{"timestamp": "2025-07-28T12:09:45.005275+00:00", "symbol": "AAPL", "side": "ask", "price": 150.13, "size": 113, "operation": "update"}
{"timestamp": "2025-07-28T12:09:45.046714+00:00", "symbol": "AAPL", "side": "bid", "price": 150.16, "size": 116, "operation": "update"}
{"timestamp": "2025-07-28T12:09:45.088744+00:00", "symbol": "AAPL", "side": "ask", "price": 150.19, "size": 119, "operation": "update"}
{"timestamp": "2025-07-28T12:09:45.128750+00:00", "symbol": "AAPL", "side": "bid", "price": 150.22, "size": 122, "operation": "update"}
{"timestamp": "2025-07-28T12:09:45.168988+00:00", "symbol": "AAPL", "side": "ask", "price": 150.25, "size": 125, "operation": "update"}
{"timestamp": "2025-07-28T12:09:45.207893+00:00", "symbol": "AAPL", "side": "bid", "price": 150.28, "size": 128, "operation": "update"}
{"timestamp": "2025-07-28T12:09:45.248382+00:00", "symbol": "AAPL", "side": "ask", "price": 150.31, "size": 131, "operation": "update"}
{"timestamp": "2025-07-28T12:09:45.289189+00:00", "symbol": "AAPL", "side": "bid", "price": 150.34, "size": 134, "operation": "update"}
{"timestamp": "2025-07-28T12:09:45.329533+00:00", "symbol": "AAPL", "side": "ask", "price": 150.37, "size": 137, "operation": "update"}
{"timestamp": "2025-07-28T12:09:45.368823+00:00", "symbol": "AAPL", "side": "bid", "price": 150.4, "size": 140, "operation": "update"}
{"timestamp": "2025-07-28T12:09:45.409021+00:00", "symbol": "AAPL", "side": "ask", "price": 150.43, "size": 143, "operation": "update"}
{"timestamp": "2025-07-28T12:09:45.448409+00:00", "symbol": "AAPL", "side": "bid", "price": 150.46, "size": 146, "operation": "update"}
{"timestamp": "2025-07-28T12:09:45.487186+00:00", "symbol": "AAPL", "side": "ask", "price": 150.49, "size": 149, "operation": "update"}
{"timestamp": "2025-07-28T12:09:45.527547+00:00", "symbol": "AAPL", "side": "bid", "price": 150.52, "size": 102, "operation": "update"}
{"timestamp": "2025-07-28T12:09:45.567602+00:00", "symbol": "AAPL", "side": "ask", "price": 150.55, "size": 105, "operation": "update"}
{"timestamp": "2025-07-28T12:09:45.607938+00:00", "symbol": "AAPL", "side": "bid", "price": 150.58, "size": 108, "operation": "update"}
{"timestamp": "2025-07-28T12:09:45.647457+00:00", "symbol": "AAPL", "side": "ask", "price": 150.61, "size": 111, "operation": "update"}
{"timestamp": "2025-07-28T12:09:45.687211+00:00", "symbol": "AAPL", "side": "bid", "price": 150.64, "size": 114, "operation": "update"}
{"timestamp": "2025-07-28T12:09:45.726545+00:00", "symbol": "AAPL", "side": "ask", "price": 150.67, "size": 117, "operation": "update"}
{"timestamp": "2025-07-28T12:09:45.766580+00:00", "symbol": "AAPL", "side": "bid", "price": 150.7, "size": 120, "operation": "update"}
{"timestamp": "2025-07-28T12:09:45.806717+00:00", "symbol": "AAPL", "side": "ask", "price": 150.73, "size": 123, "operation": "update"}
{"timestamp": "2025-07-28T12:09:45.846363+00:00", "symbol": "AAPL", "side": "bid", "price": 150.76, "size": 126, "operation": "update"}
{"timestamp": "2025-07-28T12:09:45.886584+00:00", "symbol": "AAPL", "side": "ask", "price": 150.79, "size": 129, "operation": "update"}
{"timestamp": "2025-07-28T12:09:45.927847+00:00", "symbol": "AAPL", "side": "bid", "price": 150.82, "size": 132, "operation": "update"}
{"timestamp": "2025-07-28T12:09:45.967807+00:00", "symbol": "AAPL", "side": "ask", "price": 150.85, "size": 135, "operation": "update"}
{"timestamp": "2025-07-28T12:09:46.007800+00:00", "symbol": "AAPL", "side": "bid", "price": 150.88, "size": 138, "operation": "update"}
{"timestamp": "2025-07-28T12:09:46.047661+00:00", "symbol": "AAPL", "side": "ask", "price": 150.91, "size": 141, "operation": "update"}
{"timestamp": "2025-07-28T12:09:46.086807+00:00", "symbol": "AAPL", "side": "bid", "price": 150.94, "size": 144, "operation": "update"}
{"timestamp": "2025-07-28T12:09:46.126569+00:00", "symbol": "AAPL", "side": "ask", "price": 150.97, "size": 147, "operation": "update"}
{"timestamp": "2025-07-28T12:09:46.166474+00:00", "symbol": "AAPL", "side": "bid", "price": 150.0, "size": 100, "operation": "update"}
{"timestamp": "2025-07-28T12:09:46.205779+00:00", "symbol": "AAPL", "side": "ask", "price": 150.03, "size": 103, "operation": "update"}
{"timestamp": "2025-07-28T12:09:46.246516+00:00", "symbol": "AAPL", "side": "bid", "price": 150.06, "size": 106, "operation": "update"}
{"timestamp": "2025-07-28T12:09:46.287330+00:00", "symbol": "AAPL", "side": "ask", "price": 150.09, "size": 109, "operation": "update"}
{"timestamp": "2025-07-28T12:09:46.327363+00:00", "symbol": "AAPL", "side": "bid", "price": 150.12, "size": 112, "operation": "update"}
{"timestamp": "2025-07-28T12:09:46.367774+00:00", "symbol": "AAPL", "side": "ask", "price": 150.15, "size": 115, "operation": "update"}
{"timestamp": "2025-07-28T12:09:46.408783+00:00", "symbol": "AAPL", "side": "bid", "price": 150.18, "size": 118, "operation": "update"}
{"timestamp": "2025-07-28T12:09:46.449660+00:00", "symbol": "AAPL", "side": "ask", "price": 150.21, "size": 121, "operation": "update"}
{"timestamp": "2025-07-28T12:09:46.490460+00:00", "symbol": "AAPL", "side": "bid", "price": 150.24, "size": 124, "operation": "update"}
{"timestamp": "2025-07-28T12:09:46.532275+00:00", "symbol": "AAPL", "side": "ask", "price": 150.27, "size": 127, "operation": "update"}
{"timestamp": "2025-07-28T12:09:46.572974+00:00", "symbol": "AAPL", "side": "bid", "price": 150.3, "size": 130, "operation": "update"}
{"timestamp": "2025-07-28T12:09:46.614321+00:00", "symbol": "AAPL", "side": "ask", "price": 150.33, "size": 133, "operation": "update"}
{"timestamp": "2025-07-28T12:09:46.654031+00:00", "symbol": "AAPL", "side": "bid", "price": 150.36, "size": 136, "operation": "update"}
{"timestamp": "2025-07-28T12:09:46.695312+00:00", "symbol": "AAPL", "side": "ask", "price": 150.39, "size": 139, "operation": "update"}
{"timestamp": "2025-07-28T12:09:46.736127+00:00", "symbol": "AAPL", "side": "bid", "price": 150.42, "size": 142, "operation": "update"}
{"timestamp": "2025-07-28T12:09:46.777973+00:00", "symbol": "AAPL", "side": "ask", "price": 150.45, "size": 145, "operation": "update"}
{"timestamp": "2025-07-28T12:09:46.817800+00:00", "symbol": "AAPL", "side": "bid", "price": 150.48, "size": 148, "operation": "update"}
{"timestamp": "2025-07-28T12:09:46.857528+00:00", "symbol": "AAPL", "side": "ask", "price": 150.51, "size": 101, "operation": "update"}
{"timestamp": "2025-07-28T12:09:46.897298+00:00", "symbol": "AAPL", "side": "bid", "price": 150.54, "size": 104, "operation": "update"}
{"timestamp": "2025-07-28T12:09:46.936930+00:00", "symbol": "AAPL", "side": "ask", "price": 150.57, "size": 107, "operation": "update"}
{"timestamp": "2025-07-28T12:09:46.977122+00:00", "symbol": "AAPL", "side": "bid", "price": 150.6, "size": 110, "operation": "update"}
{"timestamp": "2025-07-28T12:09:47.017175+00:00", "symbol": "AAPL", "side": "ask", "price": 150.63, "size": 113, "operation": "update"}
{"timestamp": "2025-07-28T12:09:47.056968+00:00", "symbol": "AAPL", "side": "bid", "price": 150.66, "size": 116, "operation": "update"}
{"timestamp": "2025-07-28T12:09:47.098391+00:00", "symbol": "AAPL", "side": "ask", "price": 150.69, "size": 119, "operation": "update"}
{"timestamp": "2025-07-28T12:09:47.137652+00:00", "symbol": "AAPL", "side": "bid", "price": 150.72, "size": 122, "operation": "update"}
{"timestamp": "2025-07-28T12:09:47.177205+00:00", "symbol": "AAPL", "side": "ask", "price": 150.75, "size": 125, "operation": "update"}
{"timestamp": "2025-07-28T12:09:47.218501+00:00", "symbol": "AAPL", "side": "bid", "price": 150.78, "size": 128, "operation": "update"}
{"timestamp": "2025-07-28T12:09:47.260821+00:00", "symbol": "AAPL", "side": "ask", "price": 150.81, "size": 131, "operation": "update"}
{"timestamp": "2025-07-28T12:09:47.301399+00:00", "symbol": "AAPL", "side": "bid", "price": 150.84, "size": 134, "operation": "update"}
{"timestamp": "2025-07-28T12:09:47.342374+00:00", "symbol": "AAPL", "side": "ask", "price": 150.87, "size": 137, "operation": "update"}
{"timestamp": "2025-07-28T12:09:47.382410+00:00", "symbol": "AAPL", "side": "bid", "price": 150.9, "size": 140, "operation": "update"}
{"timestamp": "2025-07-28T12:09:47.421628+00:00", "symbol": "AAPL", "side": "ask", "price": 150.93, "size": 143, "operation": "update"}
{"timestamp": "2025-07-28T12:09:47.461945+00:00", "symbol": "AAPL", "side": "bid", "price": 150.96, "size": 146, "operation": "update"}
{"timestamp": "2025-07-28T12:09:47.501493+00:00", "symbol": "AAPL", "side": "ask", "price": 150.99, "size": 149, "operation": "update"}
{"timestamp": "2025-07-28T12:09:47.540616+00:00", "symbol": "AAPL", "side": "bid", "price": 150.02, "size": 102, "operation": "update"}
{"timestamp": "2025-07-28T12:09:47.581731+00:00", "symbol": "AAPL", "side": "ask", "price": 150.05, "size": 105, "operation": "update"}
{"timestamp": "2025-07-28T12:09:47.621632+00:00", "symbol": "AAPL", "side": "bid", "price": 150.08, "size": 108, "operation": "update"}
{"timestamp": "2025-07-28T12:09:47.661489+00:00", "symbol": "AAPL", "side": "ask", "price": 150.11, "size": 111, "operation": "update"}
{"timestamp": "2025-07-28T12:09:47.701838+00:00", "symbol": "AAPL", "side": "bid", "price": 150.14, "size": 114, "operation": "update"}
{"timestamp": "2025-07-28T12:09:47.743103+00:00", "symbol": "AAPL", "side": "ask", "price": 150.17, "size": 117, "operation": "update"}
{"timestamp": "2025-07-28T12:09:47.782557+00:00", "symbol": "AAPL", "side": "bid", "price": 150.2, "size": 120, "operation": "update"}
{"timestamp": "2025-07-28T12:09:47.822092+00:00", "symbol": "AAPL", "side": "ask", "price": 150.23, "size": 123, "operation": "update"}
{"timestamp": "2025-07-28T12:09:47.861734+00:00", "symbol": "AAPL", "side": "bid", "price": 150.26, "size": 126, "operation": "update"}
{"timestamp": "2025-07-28T12:09:47.900827+00:00", "symbol": "AAPL", "side": "ask", "price": 150.29, "size": 129, "operation": "update"}
{"timestamp": "2025-07-28T12:09:47.941034+00:00", "symbol": "AAPL", "side": "bid", "price": 150.32, "size": 132, "operation": "update"}
{"timestamp": "2025-07-28T12:09:47.983922+00:00", "symbol": "AAPL", "side": "ask", "price": 150.35, "size": 135, "operation": "update"}
{"timestamp": "2025-07-28T12:09:48.024110+00:00", "symbol": "AAPL", "side": "bid", "price": 150.38, "size": 138, "operation": "update"}
{"timestamp": "2025-07-28T12:09:48.063772+00:00", "symbol": "AAPL", "side": "ask", "price": 150.41, "size": 141, "operation": "update"}
{"timestamp": "2025-07-28T12:09:48.103549+00:00", "symbol": "AAPL", "side": "bid", "price": 150.44, "size": 144, "operation": "update"}
{"timestamp": "2025-07-28T12:09:48.144455+00:00", "symbol": "AAPL", "side": "ask", "price": 150.47, "size": 147, "operation": "update"}
{"timestamp": "2025-07-28T12:09:48.185311+00:00", "symbol": "AAPL", "side": "bid", "price": 150.5, "size": 100, "operation": "update"}
{"timestamp": "2025-07-28T12:09:48.226692+00:00", "symbol": "AAPL", "side": "ask", "price": 150.53, "size": 103, "operation": "update"}
{"timestamp": "2025-07-28T12:09:48.265971+00:00", "symbol": "AAPL", "side": "bid", "price": 150.56, "size": 106, "operation": "update"}
{"timestamp": "2025-07-28T12:09:48.305744+00:00", "symbol": "AAPL", "side": "ask", "price": 150.59, "size": 109, "operation": "update"}
{"timestamp": "2025-07-28T12:09:48.345588+00:00", "symbol": "AAPL", "side": "bid", "price": 150.62, "size": 112, "operation": "update"}
{"timestamp": "2025-07-28T12:09:48.384838+00:00", "symbol": "AAPL", "side": "ask", "price": 150.65, "size": 115, "operation": "update"}
{"timestamp": "2025-07-28T12:09:48.425715+00:00", "symbol": "AAPL", "side": "bid", "price": 150.68, "size": 118, "operation": "update"}
{"timestamp": "2025-07-28T12:09:48.464767+00:00", "symbol": "AAPL", "side": "ask", "price": 150.71, "size": 121, "operation": "update"}
{"timestamp": "2025-07-28T12:09:48.504370+00:00", "symbol": "AAPL", "side": "bid", "price": 150.74, "size": 124, "operation": "update"}
{"timestamp": "2025-07-28T12:09:48.546727+00:00", "symbol": "AAPL", "side": "ask", "price": 150.77, "size": 127, "operation": "update"}
{"timestamp": "2025-07-28T12:09:48.587666+00:00", "symbol": "AAPL", "side": "bid", "price": 150.8, "size": 130, "operation": "update"}
{"timestamp": "2025-07-28T12:09:48.628307+00:00", "symbol": "AAPL", "side": "ask", "price": 150.83, "size": 133, "operation": "update"}
{"timestamp": "2025-07-28T12:09:48.668689+00:00", "symbol": "AAPL", "side": "bid", "price": 150.86, "size": 136, "operation": "update"}
{"timestamp": "2025-07-28T12:09:48.710253+00:00", "symbol": "AAPL", "side": "ask", "price": 150.89, "size": 139, "operation": "update"}
{"timestamp": "2025-07-28T12:09:48.749513+00:00", "symbol": "AAPL", "side": "bid", "price": 150.92, "size": 142, "operation": "update"}
{"timestamp": "2025-07-28T12:09:48.789618+00:00", "symbol": "AAPL", "side": "ask", "price": 150.95, "size": 145, "operation": "update"}
{"timestamp": "2025-07-28T12:09:48.829408+00:00", "symbol": "AAPL", "side": "bid", "price": 150.98, "size": 148, "operation": "update"}
{"timestamp": "2025-07-28T12:09:48.868827+00:00", "symbol": "AAPL", "side": "ask", "price": 150.01, "size": 101, "operation": "update"}
{"timestamp": "2025-07-28T12:09:48.909892+00:00", "symbol": "AAPL", "side": "bid", "price": 150.04, "size": 104, "operation": "update"}
{"timestamp": "2025-07-28T12:09:48.949521+00:00", "symbol": "AAPL", "side": "ask", "price": 150.07, "size": 107, "operation": "update"}
{"timestamp": "2025-07-28T12:09:48.988983+00:00", "symbol": "AAPL", "side": "bid", "price": 150.1, "size": 110, "operation": "update"}
{"timestamp": "2025-07-28T12:09:49.028761+00:00", "symbol": "AAPL", "side": "ask", "price": 150.13, "size": 113, "operation": "update"}
{"timestamp": "2025-07-28T12:09:49.067509+00:00", "symbol": "AAPL", "side": "bid", "price": 150.16, "size": 116, "operation": "update"}
{"timestamp": "2025-07-28T12:09:49.107017+00:00", "symbol": "AAPL", "side": "ask", "price": 150.19, "size": 119, "operation": "update"}
{"timestamp": "2025-07-28T12:09:49.147588+00:00", "symbol": "AAPL", "side": "bid", "price": 150.22, "size": 122, "operation": "update"}
{"timestamp": "2025-07-28T12:09:49.187838+00:00", "symbol": "AAPL", "side": "ask", "price": 150.25, "size": 125, "operation": "update"}
{"timestamp": "2025-07-28T12:09:49.228162+00:00", "symbol": "AAPL", "side": "bid", "price": 150.28, "size": 128, "operation": "update"}
{"timestamp": "2025-07-28T12:09:49.271182+00:00", "symbol": "AAPL", "side": "ask", "price": 150.31, "size": 131, "operation": "update"}
{"timestamp": "2025-07-28T12:09:49.315531+00:00", "symbol": "AAPL", "side": "bid", "price": 150.34, "size": 134, "operation": "update"}
{"timestamp": "2025-07-28T12:09:49.355967+00:00", "symbol": "AAPL", "side": "ask", "price": 150.37, "size": 137, "operation": "update"}
{"timestamp": "2025-07-28T12:09:49.398907+00:00", "symbol": "AAPL", "side": "bid", "price": 150.4, "size": 140, "operation": "update"}
{"timestamp": "2025-07-28T12:09:49.438540+00:00", "symbol": "AAPL", "side": "ask", "price": 150.43, "size": 143, "operation": "update"}
{"timestamp": "2025-07-28T12:09:49.478308+00:00", "symbol": "AAPL", "side": "bid", "price": 150.46, "size": 146, "operation": "update"}
{"timestamp": "2025-07-28T12:09:49.518328+00:00", "symbol": "AAPL", "side": "ask", "price": 150.49, "size": 149, "operation": "update"}
{"timestamp": "2025-07-28T12:09:49.559802+00:00", "symbol": "AAPL", "side": "bid", "price": 150.52, "size": 102, "operation": "update"}
{"timestamp": "2025-07-28T12:09:49.601672+00:00", "symbol": "AAPL", "side": "ask", "price": 150.55, "size": 105, "operation": "update"}
{"timestamp": "2025-07-28T12:09:49.642960+00:00", "symbol": "AAPL", "side": "bid", "price": 150.58, "size": 108, "operation": "update"}
{"timestamp": "2025-07-28T12:09:49.682875+00:00", "symbol": "AAPL", "side": "ask", "price": 150.61, "size": 111, "operation": "update"}
{"timestamp": "2025-07-28T12:09:49.722796+00:00", "symbol": "AAPL", "side": "bid", "price": 150.64, "size": 114, "operation": "update"}
{"timestamp": "2025-07-28T12:09:49.762585+00:00", "symbol": "AAPL", "side": "ask", "price": 150.67, "size": 117, "operation": "update"}
{"timestamp": "2025-07-28T12:09:49.802436+00:00", "symbol": "AAPL", "side": "bid", "price": 150.7, "size": 120, "operation": "update"}
{"timestamp": "2025-07-28T12:09:49.841238+00:00", "symbol": "AAPL", "side": "ask", "price": 150.73, "size": 123, "operation": "update"}
{"timestamp": "2025-07-28T12:09:49.884280+00:00", "symbol": "AAPL", "side": "bid", "price": 150.76, "size": 126, "operation": "update"}
{"timestamp": "2025-07-28T12:09:49.924274+00:00", "symbol": "AAPL", "side": "ask", "price": 150.79, "size": 129, "operation": "update"}
{"timestamp": "2025-07-28T12:09:49.963424+00:00", "symbol": "AAPL", "side": "bid", "price": 150.82, "size": 132, "operation": "update"}
{"timestamp": "2025-07-28T12:09:50.003445+00:00", "symbol": "AAPL", "side": "ask", "price": 150.85, "size": 135, "operation": "update"}
{"timestamp": "2025-07-28T12:09:50.043709+00:00", "symbol": "AAPL", "side": "bid", "price": 150.88, "size": 138, "operation": "update"}
{"timestamp": "2025-07-28T12:09:50.084019+00:00", "symbol": "AAPL", "side": "ask", "price": 150.91, "size": 141, "operation": "update"}
{"timestamp": "2025-07-28T12:09:50.124003+00:00", "symbol": "AAPL", "side": "bid", "price": 150.94, "size": 144, "operation": "update"}
{"timestamp": "2025-07-28T12:09:50.164481+00:00", "symbol": "AAPL", "side": "ask", "price": 150.97, "size": 147, "operation": "update"}
{"timestamp": "2025-07-28T12:09:50.204226+00:00", "symbol": "AAPL", "side": "bid", "price": 150.0, "size": 100, "operation": "update"}
{"timestamp": "2025-07-28T12:09:50.243854+00:00", "symbol": "AAPL", "side": "ask", "price": 150.03, "size": 103, "operation": "update"}
{"timestamp": "2025-07-28T12:09:50.284693+00:00", "symbol": "AAPL", "side": "bid", "price": 150.06, "size": 106, "operation": "update"}
{"timestamp": "2025-07-28T12:09:50.324124+00:00", "symbol": "AAPL", "side": "ask", "price": 150.09, "size": 109, "operation": "update"}
{"timestamp": "2025-07-28T12:09:50.366274+00:00", "symbol": "AAPL", "side": "bid", "price": 150.12, "size": 112, "operation": "update"}
{"timestamp": "2025-07-28T12:09:50.406609+00:00", "symbol": "AAPL", "side": "ask", "price": 150.15, "size": 115, "operation": "update"}
{"timestamp": "2025-07-28T12:09:50.446952+00:00", "symbol": "AAPL", "side": "bid", "price": 150.18, "size": 118, "operation": "update"}
{"timestamp": "2025-07-28T12:09:50.487252+00:00", "symbol": "AAPL", "side": "ask", "price": 150.21, "size": 121, "operation": "update"}
{"timestamp": "2025-07-28T12:09:50.526586+00:00", "symbol": "AAPL", "side": "bid", "price": 150.24, "size": 124, "operation": "update"}
{"timestamp": "2025-07-28T12:09:50.567377+00:00", "symbol": "AAPL", "side": "ask", "price": 150.27, "size": 127, "operation": "update"}
{"timestamp": "2025-07-28T12:09:50.607469+00:00", "symbol": "AAPL", "side": "bid", "price": 150.3, "size": 130, "operation": "update"}
{"timestamp": "2025-07-28T12:09:50.649667+00:00", "symbol": "AAPL", "side": "ask", "price": 150.33, "size": 133, "operation": "update"}
{"timestamp": "2025-07-28T12:09:50.689241+00:00", "symbol": "AAPL", "side": "bid", "price": 150.36, "size": 136, "operation": "update"}
{"timestamp": "2025-07-28T12:09:50.729674+00:00", "symbol": "AAPL", "side": "ask", "price": 150.39, "size": 139, "operation": "update"}
{"timestamp": "2025-07-28T12:09:50.769840+00:00", "symbol": "AAPL", "side": "bid", "price": 150.42, "size": 142, "operation": "update"}
{"timestamp": "2025-07-28T12:09:50.809042+00:00", "symbol": "AAPL", "side": "ask", "price": 150.45, "size": 145, "operation": "update"}
{"timestamp": "2025-07-28T12:09:50.850345+00:00", "symbol": "AAPL", "side": "bid", "price": 150.48, "size": 148, "operation": "update"}
{"timestamp": "2025-07-28T12:09:50.889467+00:00", "symbol": "AAPL", "side": "ask", "price": 150.51, "size": 101, "operation": "update"}
{"timestamp": "2025-07-28T12:09:50.928804+00:00", "symbol": "AAPL", "side": "bid", "price": 150.54, "size": 104, "operation": "update"}
{"timestamp": "2025-07-28T12:09:50.968326+00:00", "symbol": "AAPL", "side": "ask", "price": 150.57, "size": 107, "operation": "update"}
{"timestamp": "2025-07-28T12:09:51.007914+00:00", "symbol": "AAPL", "side": "bid", "price": 150.6, "size": 110, "operation": "update"}
{"timestamp": "2025-07-28T12:09:51.047850+00:00", "symbol": "AAPL", "side": "ask", "price": 150.63, "size": 113, "operation": "update"}
{"timestamp": "2025-07-28T12:09:51.086984+00:00", "symbol": "AAPL", "side": "bid", "price": 150.66, "size": 116, "operation": "update"}
{"timestamp": "2025-07-28T12:09:51.127813+00:00", "symbol": "AAPL", "side": "ask", "price": 150.69, "size": 119, "operation": "update"}
{"timestamp": "2025-07-28T12:09:51.167724+00:00", "symbol": "AAPL", "side": "bid", "price": 150.72, "size": 122, "operation": "update"}
{"timestamp": "2025-07-28T12:09:51.208161+00:00", "symbol": "AAPL", "side": "ask", "price": 150.75, "size": 125, "operation": "update"}
{"timestamp": "2025-07-28T12:09:51.247809+00:00", "symbol": "AAPL", "side": "bid", "price": 150.78, "size": 128, "operation": "update"}
{"timestamp": "2025-07-28T12:09:51.287840+00:00", "symbol": "AAPL", "side": "ask", "price": 150.81, "size": 131, "operation": "update"}
{"timestamp": "2025-07-28T12:09:51.327785+00:00", "symbol": "AAPL", "side": "bid", "price": 150.84, "size": 134, "operation": "update"}
{"timestamp": "2025-07-28T12:09:51.367397+00:00", "symbol": "AAPL", "side": "ask", "price": 150.87, "size": 137, "operation": "update"}
{"timestamp": "2025-07-28T12:09:51.407321+00:00", "symbol": "AAPL", "side": "bid", "price": 150.9, "size": 140, "operation": "update"}
{"timestamp": "2025-07-28T12:09:51.450745+00:00", "symbol": "AAPL", "side": "ask", "price": 150.93, "size": 143, "operation": "update"}
{"timestamp": "2025-07-28T12:09:51.491919+00:00", "symbol": "AAPL", "side": "bid", "price": 150.96, "size": 146, "operation": "update"}
{"timestamp": "2025-07-28T12:09:51.530892+00:00", "symbol": "AAPL", "side": "ask", "price": 150.99, "size": 149, "operation": "update"}
{"timestamp": "2025-07-28T12:09:51.572417+00:00", "symbol": "AAPL", "side": "bid", "price": 150.02, "size": 102, "operation": "update"}
{"timestamp": "2025-07-28T12:09:51.614311+00:00", "symbol": "AAPL", "side": "ask", "price": 150.05, "size": 105, "operation": "update"}
{"timestamp": "2025-07-28T12:09:51.653924+00:00", "symbol": "AAPL", "side": "bid", "price": 150.08, "size": 108, "operation": "update"}
{"timestamp": "2025-07-28T12:09:51.693194+00:00", "symbol": "AAPL", "side": "ask", "price": 150.11, "size": 111, "operation": "update"}
{"timestamp": "2025-07-28T12:09:51.733698+00:00", "symbol": "AAPL", "side": "bid", "price": 150.14, "size": 114, "operation": "update"}
{"timestamp": "2025-07-28T12:09:51.772917+00:00", "symbol": "AAPL", "side": "ask", "price": 150.17, "size": 117, "operation": "update"}
{"timestamp": "2025-07-28T12:09:51.814578+00:00", "symbol": "AAPL", "side": "bid", "price": 150.2, "size": 120, "operation": "update"}
{"timestamp": "2025-07-28T12:09:51.854618+00:00", "symbol": "AAPL", "side": "ask", "price": 150.23, "size": 123, "operation": "update"}
{"timestamp": "2025-07-28T12:09:51.893552+00:00", "symbol": "AAPL", "side": "bid", "price": 150.26, "size": 126, "operation": "update"}
{"timestamp": "2025-07-28T12:09:51.935511+00:00", "symbol": "AAPL", "side": "ask", "price": 150.29, "size": 129, "operation": "update"}
{"timestamp": "2025-07-28T12:09:51.978275+00:00", "symbol": "AAPL", "side": "bid", "price": 150.32, "size": 132, "operation": "update"}
{"timestamp": "2025-07-28T12:09:52.022603+00:00", "symbol": "AAPL", "side": "ask", "price": 150.35, "size": 135, "operation": "update"}
{"timestamp": "2025-07-28T12:09:52.065716+00:00", "symbol": "AAPL", "side": "bid", "price": 150.38, "size": 138, "operation": "update"}
{"timestamp": "2025-07-28T12:09:52.107382+00:00", "symbol": "AAPL", "side": "ask", "price": 150.41, "size": 141, "operation": "update"}
{"timestamp": "2025-07-28T12:09:52.148283+00:00", "symbol": "AAPL", "side": "bid", "price": 150.44, "size": 144, "operation": "update"}
{"timestamp": "2025-07-28T12:09:52.189436+00:00", "symbol": "AAPL", "side": "ask", "price": 150.47, "size": 147, "operation": "update"}
{"timestamp": "2025-07-28T12:09:52.230179+00:00", "symbol": "AAPL", "side": "bid", "price": 150.5, "size": 100, "operation": "update"}
{"timestamp": "2025-07-28T12:09:52.270168+00:00", "symbol": "AAPL", "side": "ask", "price": 150.53, "size": 103, "operation": "update"}
{"timestamp": "2025-07-28T12:09:52.311998+00:00", "symbol": "AAPL", "side": "bid", "price": 150.56, "size": 106, "operation": "update"}
{"timestamp": "2025-07-28T12:09:52.351791+00:00", "symbol": "AAPL", "side": "ask", "price": 150.59, "size": 109, "operation": "update"}
{"timestamp": "2025-07-28T12:09:52.390751+00:00", "symbol": "AAPL", "side": "bid", "price": 150.62, "size": 112, "operation": "update"}
{"timestamp": "2025-07-28T12:09:52.434420+00:00", "symbol": "AAPL", "side": "ask", "price": 150.65, "size": 115, "operation": "update"}
{"timestamp": "2025-07-28T12:09:52.474498+00:00", "symbol": "AAPL", "side": "bid", "price": 150.68, "size": 118, "operation": "update"}
{"timestamp": "2025-07-28T12:09:52.513578+00:00", "symbol": "AAPL", "side": "ask", "price": 150.71, "size": 121, "operation": "update"}
{"timestamp": "2025-07-28T12:09:52.554576+00:00", "symbol": "AAPL", "side": "bid", "price": 150.74, "size": 124, "operation": "update"}
{"timestamp": "2025-07-28T12:09:52.595629+00:00", "symbol": "AAPL", "side": "ask", "price": 150.77, "size": 127, "operation": "update"}
{"timestamp": "2025-07-28T12:09:52.635839+00:00", "symbol": "AAPL", "side": "bid", "price": 150.8, "size": 130, "operation": "update"}
{"timestamp": "2025-07-28T12:09:52.676987+00:00", "symbol": "AAPL", "side": "ask", "price": 150.83, "size": 133, "operation": "update"}
{"timestamp": "2025-07-28T12:09:52.716345+00:00", "symbol": "AAPL", "side": "bid", "price": 150.86, "size": 136, "operation": "update"}
{"timestamp": "2025-07-28T12:09:52.755769+00:00", "symbol": "AAPL", "side": "ask", "price": 150.89, "size": 139, "operation": "update"}
{"timestamp": "2025-07-28T12:09:52.797212+00:00", "symbol": "AAPL", "side": "bid", "price": 150.92, "size": 142, "operation": "update"}
{"timestamp": "2025-07-28T12:09:52.835819+00:00", "symbol": "AAPL", "side": "ask", "price": 150.95, "size": 145, "operation": "update"}
{"timestamp": "2025-07-28T12:09:52.874933+00:00", "symbol": "AAPL", "side": "bid", "price": 150.98, "size": 148, "operation": "update"}
{"timestamp": "2025-07-28T12:09:52.916044+00:00", "symbol": "AAPL", "side": "ask", "price": 150.01, "size": 101, "operation": "update"}
{"timestamp": "2025-07-28T12:09:52.955425+00:00", "symbol": "AAPL", "side": "bid", "price": 150.04, "size": 104, "operation": "update"}
{"timestamp": "2025-07-28T12:09:52.995037+00:00", "symbol": "AAPL", "side": "ask", "price": 150.07, "size": 107, "operation": "update"}
{"timestamp": "2025-07-28T12:09:53.035443+00:00", "symbol": "AAPL", "side": "bid", "price": 150.1, "size": 110, "operation": "update"}
{"timestamp": "2025-07-28T12:09:53.074528+00:00", "symbol": "AAPL", "side": "ask", "price": 150.13, "size": 113, "operation": "update"}
{"timestamp": "2025-07-28T12:09:53.113572+00:00", "symbol": "AAPL", "side": "bid", "price": 150.16, "size": 116, "operation": "update"}
{"timestamp": "2025-07-28T12:09:53.154193+00:00", "symbol": "AAPL", "side": "ask", "price": 150.19, "size": 119, "operation": "update"}
{"timestamp": "2025-07-28T12:09:53.193352+00:00", "symbol": "AAPL", "side": "bid", "price": 150.22, "size": 122, "operation": "update"}
{"timestamp": "2025-07-28T12:09:53.233145+00:00", "symbol": "AAPL", "side": "ask", "price": 150.25, "size": 125, "operation": "update"}
{"timestamp": "2025-07-28T12:09:53.274592+00:00", "symbol": "AAPL", "side": "bid", "price": 150.28, "size": 128, "operation": "update"}
{"timestamp": "2025-07-28T12:09:53.314741+00:00", "symbol": "AAPL", "side": "ask", "price": 150.31, "size": 131, "operation": "update"}
{"timestamp": "2025-07-28T12:09:53.353909+00:00", "symbol": "AAPL", "side": "bid", "price": 150.34, "size": 134, "operation": "update"}
{"timestamp": "2025-07-28T12:09:53.393165+00:00", "symbol": "AAPL", "side": "ask", "price": 150.37, "size": 137, "operation": "update"}
{"timestamp": "2025-07-28T12:09:53.432336+00:00", "symbol": "AAPL", "side": "bid", "price": 150.4, "size": 140, "operation": "update"}
{"timestamp": "2025-07-28T12:09:53.473397+00:00", "symbol": "AAPL", "side": "ask", "price": 150.43, "size": 143, "operation": "update"}
{"timestamp": "2025-07-28T12:09:53.516656+00:00", "symbol": "AAPL", "side": "bid", "price": 150.46, "size": 146, "operation": "update"}
{"timestamp": "2025-07-28T12:09:53.556661+00:00", "symbol": "AAPL", "side": "ask", "price": 150.49, "size": 149, "operation": "update"}
{"timestamp": "2025-07-28T12:09:53.596239+00:00", "symbol": "AAPL", "side": "bid", "price": 150.52, "size": 102, "operation": "update"}
{"timestamp": "2025-07-28T12:09:53.636810+00:00", "symbol": "AAPL", "side": "ask", "price": 150.55, "size": 105, "operation": "update"}
{"timestamp": "2025-07-28T12:09:53.676459+00:00", "symbol": "AAPL", "side": "bid", "price": 150.58, "size": 108, "operation": "update"}
{"timestamp": "2025-07-28T12:09:53.716493+00:00", "symbol": "AAPL", "side": "ask", "price": 150.61, "size": 111, "operation": "update"}
{"timestamp": "2025-07-28T12:09:53.756302+00:00", "symbol": "AAPL", "side": "bid", "price": 150.64, "size": 114, "operation": "update"}
{"timestamp": "2025-07-28T12:09:53.795473+00:00", "symbol": "AAPL", "side": "ask", "price": 150.67, "size": 117, "operation": "update"}
{"timestamp": "2025-07-28T12:09:53.834633+00:00", "symbol": "AAPL", "side": "bid", "price": 150.7, "size": 120, "operation": "update"}
{"timestamp": "2025-07-28T12:09:53.874536+00:00", "symbol": "AAPL", "side": "ask", "price": 150.73, "size": 123, "operation": "update"}
{"timestamp": "2025-07-28T12:09:53.913793+00:00", "symbol": "AAPL", "side": "bid", "price": 150.76, "size": 126, "operation": "update"}
{"timestamp": "2025-07-28T12:09:53.953323+00:00", "symbol": "AAPL", "side": "ask", "price": 150.79, "size": 129, "operation": "update"}
{"timestamp": "2025-07-28T12:09:53.994232+00:00", "symbol": "AAPL", "side": "bid", "price": 150.82, "size": 132, "operation": "update"}
{"timestamp": "2025-07-28T12:09:54.034238+00:00", "symbol": "AAPL", "side": "ask", "price": 150.85, "size": 135, "operation": "update"}
{"timestamp": "2025-07-28T12:09:54.073353+00:00", "symbol": "AAPL", "side": "bid", "price": 150.88, "size": 138, "operation": "update"}
{"timestamp": "2025-07-28T12:09:54.113704+00:00", "symbol": "AAPL", "side": "ask", "price": 150.91, "size": 141, "operation": "update"}
{"timestamp": "2025-07-28T12:09:54.153771+00:00", "symbol": "AAPL", "side": "bid", "price": 150.94, "size": 144, "operation": "update"}
{"timestamp": "2025-07-28T12:09:54.193136+00:00", "symbol": "AAPL", "side": "ask", "price": 150.97, "size": 147, "operation": "update"}
{"timestamp": "2025-07-28T12:09:54.234291+00:00", "symbol": "AAPL", "side": "bid", "price": 150.0, "size": 100, "operation": "update"}
{"timestamp": "2025-07-28T12:09:54.273902+00:00", "symbol": "AAPL", "side": "ask", "price": 150.03, "size": 103, "operation": "update"}
{"timestamp": "2025-07-28T12:09:54.313525+00:00", "symbol": "AAPL", "side": "bid", "price": 150.06, "size": 106, "operation": "update"}
{"timestamp": "2025-07-28T12:09:54.353446+00:00", "symbol": "AAPL", "side": "ask", "price": 150.09, "size": 109, "operation": "update"}
{"timestamp": "2025-07-28T12:09:54.396818+00:00", "symbol": "AAPL", "side": "bid", "price": 150.12, "size": 112, "operation": "update"}
{"timestamp": "2025-07-28T12:09:54.435829+00:00", "symbol": "AAPL", "side": "ask", "price": 150.15, "size": 115, "operation": "update"}
{"timestamp": "2025-07-28T12:09:54.478461+00:00", "symbol": "AAPL", "side": "bid", "price": 150.18, "size": 118, "operation": "update"}
{"timestamp": "2025-07-28T12:09:54.517910+00:00", "symbol": "AAPL", "side": "ask", "price": 150.21, "size": 121, "operation": "update"}
{"timestamp": "2025-07-28T12:09:54.558889+00:00", "symbol": "AAPL", "side": "bid", "price": 150.24, "size": 124, "operation": "update"}
{"timestamp": "2025-07-28T12:09:54.599125+00:00", "symbol": "AAPL", "side": "ask", "price": 150.27, "size": 127, "operation": "update"}
{"timestamp": "2025-07-28T12:09:54.640347+00:00", "symbol": "AAPL", "side": "bid", "price": 150.3, "size": 130, "operation": "update"}
{"timestamp": "2025-07-28T12:09:54.679932+00:00", "symbol": "AAPL", "side": "ask", "price": 150.33, "size": 133, "operation": "update"}
{"timestamp": "2025-07-28T12:09:54.720551+00:00", "symbol": "AAPL", "side": "bid", "price": 150.36, "size": 136, "operation": "update"}
{"timestamp": "2025-07-28T12:09:54.762523+00:00", "symbol": "AAPL", "side": "ask", "price": 150.39, "size": 139, "operation": "update"}
{"timestamp": "2025-07-28T12:09:54.802218+00:00", "symbol": "AAPL", "side": "bid", "price": 150.42, "size": 142, "operation": "update"}
{"timestamp": "2025-07-28T12:09:54.842701+00:00", "symbol": "AAPL", "side": "ask", "price": 150.45, "size": 145, "operation": "update"}
{"timestamp": "2025-07-28T12:09:54.881880+00:00", "symbol": "AAPL", "side": "bid", "price": 150.48, "size": 148, "operation": "update"}
{"timestamp": "2025-07-28T12:09:54.920989+00:00", "symbol": "AAPL", "side": "ask", "price": 150.51, "size": 101, "operation": "update"}
{"timestamp": "2025-07-28T12:09:54.962644+00:00", "symbol": "AAPL", "side": "bid", "price": 150.54, "size": 104, "operation": "update"}
{"timestamp": "2025-07-28T12:09:55.002445+00:00", "symbol": "AAPL", "side": "ask", "price": 150.57, "size": 107, "operation": "update"}
{"timestamp": "2025-07-28T12:09:55.042014+00:00", "symbol": "AAPL", "side": "bid", "price": 150.6, "size": 110, "operation": "update"}
{"timestamp": "2025-07-28T12:09:55.082140+00:00", "symbol": "AAPL", "side": "ask", "price": 150.63, "size": 113, "operation": "update"}
{"timestamp": "2025-07-28T12:09:55.122114+00:00", "symbol": "AAPL", "side": "bid", "price": 150.66, "size": 116, "operation": "update"}
{"timestamp": "2025-07-28T12:09:55.161530+00:00", "symbol": "AAPL", "side": "ask", "price": 150.69, "size": 119, "operation": "update"}
{"timestamp": "2025-07-28T12:09:55.201788+00:00", "symbol": "AAPL", "side": "bid", "price": 150.72, "size": 122, "operation": "update"}
{"timestamp": "2025-07-28T12:09:55.241517+00:00", "symbol": "AAPL", "side": "ask", "price": 150.75, "size": 125, "operation": "update"}
{"timestamp": "2025-07-28T12:09:55.281915+00:00", "symbol": "AAPL", "side": "bid", "price": 150.78, "size": 128, "operation": "update"}
{"timestamp": "2025-07-28T12:09:55.323357+00:00", "symbol": "AAPL", "side": "ask", "price": 150.81, "size": 131, "operation": "update"}
{"timestamp": "2025-07-28T12:09:55.364171+00:00", "symbol": "AAPL", "side": "bid", "price": 150.84, "size": 134, "operation": "update"}
{"timestamp": "2025-07-28T12:09:55.403759+00:00", "symbol": "AAPL", "side": "ask", "price": 150.87, "size": 137, "operation": "update"}
{"timestamp": "2025-07-28T12:09:55.446124+00:00", "symbol": "AAPL", "side": "bid", "price": 150.9, "size": 140, "operation": "update"}
{"timestamp": "2025-07-28T12:09:55.485833+00:00", "symbol": "AAPL", "side": "ask", "price": 150.93, "size": 143, "operation": "update"}
{"timestamp": "2025-07-28T12:09:55.526790+00:00", "symbol": "AAPL", "side": "bid", "price": 150.96, "size": 146, "operation": "update"}
{"timestamp": "2025-07-28T12:09:55.567395+00:00", "symbol": "AAPL", "side": "ask", "price": 150.99, "size": 149, "operation": "update"}
{"timestamp": "2025-07-28T12:09:55.607741+00:00", "symbol": "AAPL", "side": "bid", "price": 150.02, "size": 102, "operation": "update"}
{"timestamp": "2025-07-28T12:09:55.647151+00:00", "symbol": "AAPL", "side": "ask", "price": 150.05, "size": 105, "operation": "update"}
{"timestamp": "2025-07-28T12:09:55.686911+00:00", "symbol": "AAPL", "side": "bid", "price": 150.08, "size": 108, "operation": "update"}
{"timestamp": "2025-07-28T12:09:55.726838+00:00", "symbol": "AAPL", "side": "ask", "price": 150.11, "size": 111, "operation": "update"}
{"timestamp": "2025-07-28T12:09:55.765890+00:00", "symbol": "AAPL", "side": "bid", "price": 150.14, "size": 114, "operation": "update"}
{"timestamp": "2025-07-28T12:09:55.806160+00:00", "symbol": "AAPL", "side": "ask", "price": 150.17, "size": 117, "operation": "update"}
{"timestamp": "2025-07-28T12:09:55.846004+00:00", "symbol": "AAPL", "side": "bid", "price": 150.2, "size": 120, "operation": "update"}
{"timestamp": "2025-07-28T12:09:55.885808+00:00", "symbol": "AAPL", "side": "ask", "price": 150.23, "size": 123, "operation": "update"}
{"timestamp": "2025-07-28T12:09:55.925546+00:00", "symbol": "AAPL", "side": "bid", "price": 150.26, "size": 126, "operation": "update"}
{"timestamp": "2025-07-28T12:09:55.965140+00:00", "symbol": "AAPL", "side": "ask", "price": 150.29, "size": 129, "operation": "update"}
{"timestamp": "2025-07-28T12:09:56.005292+00:00", "symbol": "AAPL", "side": "bid", "price": 150.32, "size": 132, "operation": "update"}
{"timestamp": "2025-07-28T12:09:56.045973+00:00", "symbol": "AAPL", "side": "ask", "price": 150.35, "size": 135, "operation": "update"}
{"timestamp": "2025-07-28T12:09:56.085888+00:00", "symbol": "AAPL", "side": "bid", "price": 150.38, "size": 138, "operation": "update"}
{"timestamp": "2025-07-28T12:09:56.126516+00:00", "symbol": "AAPL", "side": "ask", "price": 150.41, "size": 141, "operation": "update"}
{"timestamp": "2025-07-28T12:09:56.167128+00:00", "symbol": "AAPL", "side": "bid", "price": 150.44, "size": 144, "operation": "update"}
{"timestamp": "2025-07-28T12:09:56.207527+00:00", "symbol": "AAPL", "side": "ask", "price": 150.47, "size": 147, "operation": "update"}
{"timestamp": "2025-07-28T12:09:56.248075+00:00", "symbol": "AAPL", "side": "bid", "price": 150.5, "size": 100, "operation": "update"}
{"timestamp": "2025-07-28T12:09:56.287358+00:00", "symbol": "AAPL", "side": "ask", "price": 150.53, "size": 103, "operation": "update"}
{"timestamp": "2025-07-28T12:09:56.326981+00:00", "symbol": "AAPL", "side": "bid", "price": 150.56, "size": 106, "operation": "update"}
{"timestamp": "2025-07-28T12:09:56.367673+00:00", "symbol": "AAPL", "side": "ask", "price": 150.59, "size": 109, "operation": "update"}
{"timestamp": "2025-07-28T12:09:56.408566+00:00", "symbol": "AAPL", "side": "bid", "price": 150.62, "size": 112, "operation": "update"}
{"timestamp": "2025-07-28T12:09:56.450125+00:00", "symbol": "AAPL", "side": "ask", "price": 150.65, "size": 115, "operation": "update"}
{"timestamp": "2025-07-28T12:09:56.490809+00:00", "symbol": "AAPL", "side": "bid", "price": 150.68, "size": 118, "operation": "update"}
{"timestamp": "2025-07-28T12:09:56.532186+00:00", "symbol": "AAPL", "side": "ask", "price": 150.71, "size": 121, "operation": "update"}
{"timestamp": "2025-07-28T12:09:56.572793+00:00", "symbol": "AAPL", "side": "bid", "price": 150.74, "size": 124, "operation": "update"}
{"timestamp": "2025-07-28T12:09:56.616386+00:00", "symbol": "AAPL", "side": "ask", "price": 150.77, "size": 127, "operation": "update"}
{"timestamp": "2025-07-28T12:09:56.656899+00:00", "symbol": "AAPL", "side": "bid", "price": 150.8, "size": 130, "operation": "update"}
{"timestamp": "2025-07-28T12:09:56.696735+00:00", "symbol": "AAPL", "side": "ask", "price": 150.83, "size": 133, "operation": "update"}
{"timestamp": "2025-07-28T12:09:56.737384+00:00", "symbol": "AAPL", "side": "bid", "price": 150.86, "size": 136, "operation": "update"}
{"timestamp": "2025-07-28T12:09:56.777528+00:00", "symbol": "AAPL", "side": "ask", "price": 150.89, "size": 139, "operation": "update"}
{"timestamp": "2025-07-28T12:09:56.818205+00:00", "symbol": "AAPL", "side": "bid", "price": 150.92, "size": 142, "operation": "update"}
{"timestamp": "2025-07-28T12:09:56.858235+00:00", "symbol": "AAPL", "side": "ask", "price": 150.95, "size": 145, "operation": "update"}
{"timestamp": "2025-07-28T12:09:56.898948+00:00", "symbol": "AAPL", "side": "bid", "price": 150.98, "size": 148, "operation": "update"}
{"timestamp": "2025-07-28T12:09:56.938483+00:00", "symbol": "AAPL", "side": "ask", "price": 150.01, "size": 101, "operation": "update"}
{"timestamp": "2025-07-28T12:09:56.978095+00:00", "symbol": "AAPL", "side": "bid", "price": 150.04, "size": 104, "operation": "update"}
{"timestamp": "2025-07-28T12:09:57.017788+00:00", "symbol": "AAPL", "side": "ask", "price": 150.07, "size": 107, "operation": "update"}
{"timestamp": "2025-07-28T12:09:57.058320+00:00", "symbol": "AAPL", "side": "bid", "price": 150.1, "size": 110, "operation": "update"}
{"timestamp": "2025-07-28T12:09:57.098878+00:00", "symbol": "AAPL", "side": "ask", "price": 150.13, "size": 113, "operation": "update"}
{"timestamp": "2025-07-28T12:09:57.139459+00:00", "symbol": "AAPL", "side": "bid", "price": 150.16, "size": 116, "operation": "update"}
{"timestamp": "2025-07-28T12:09:57.179346+00:00", "symbol": "AAPL", "side": "ask", "price": 150.19, "size": 119, "operation": "update"}
{"timestamp": "2025-07-28T12:09:57.219352+00:00", "symbol": "AAPL", "side": "bid", "price": 150.22, "size": 122, "operation": "update"}
{"timestamp": "2025-07-28T12:09:57.260052+00:00", "symbol": "AAPL", "side": "ask", "price": 150.25, "size": 125, "operation": "update"}
{"timestamp": "2025-07-28T12:09:57.300419+00:00", "symbol": "AAPL", "side": "bid", "price": 150.28, "size": 128, "operation": "update"}
{"timestamp": "2025-07-28T12:09:57.340115+00:00", "symbol": "AAPL", "side": "ask", "price": 150.31, "size": 131, "operation": "update"}
{"timestamp": "2025-07-28T12:09:57.380145+00:00", "symbol": "AAPL", "side": "bid", "price": 150.34, "size": 134, "operation": "update"}
{"timestamp": "2025-07-28T12:09:57.419891+00:00", "symbol": "AAPL", "side": "ask", "price": 150.37, "size": 137, "operation": "update"}
{"timestamp": "2025-07-28T12:09:57.459281+00:00", "symbol": "AAPL", "side": "bid", "price": 150.4, "size": 140, "operation": "update"}
{"timestamp": "2025-07-28T12:09:57.499689+00:00", "symbol": "AAPL", "side": "ask", "price": 150.43, "size": 143, "operation": "update"}
{"timestamp": "2025-07-28T12:09:57.539453+00:00", "symbol": "AAPL", "side": "bid", "price": 150.46, "size": 146, "operation": "update"}
{"timestamp": "2025-07-28T12:09:57.579516+00:00", "symbol": "AAPL", "side": "ask", "price": 150.49, "size": 149, "operation": "update"}
{"timestamp": "2025-07-28T12:09:57.621310+00:00", "symbol": "AAPL", "side": "bid", "price": 150.52, "size": 102, "operation": "update"}
{"timestamp": "2025-07-28T12:09:57.663790+00:00", "symbol": "AAPL", "side": "ask", "price": 150.55, "size": 105, "operation": "update"}
{"timestamp": "2025-07-28T12:09:57.704084+00:00", "symbol": "AAPL", "side": "bid", "price": 150.58, "size": 108, "operation": "update"}
{"timestamp": "2025-07-28T12:09:57.744062+00:00", "symbol": "AAPL", "side": "ask", "price": 150.61, "size": 111, "operation": "update"}
{"timestamp": "2025-07-28T12:09:57.784047+00:00", "symbol": "AAPL", "side": "bid", "price": 150.64, "size": 114, "operation": "update"}
{"timestamp": "2025-07-28T12:09:57.824957+00:00", "symbol": "AAPL", "side": "ask", "price": 150.67, "size": 117, "operation": "update"}
{"timestamp": "2025-07-28T12:09:57.866117+00:00", "symbol": "AAPL", "side": "bid", "price": 150.7, "size": 120, "operation": "update"}
{"timestamp": "2025-07-28T12:09:57.908409+00:00", "symbol": "AAPL", "side": "ask", "price": 150.73, "size": 123, "operation": "update"}
{"timestamp": "2025-07-28T12:09:57.948431+00:00", "symbol": "AAPL", "side": "bid", "price": 150.76, "size": 126, "operation": "update"}
{"timestamp": "2025-07-28T12:09:57.989862+00:00", "symbol": "AAPL", "side": "ask", "price": 150.79, "size": 129, "operation": "update"}
{"timestamp": "2025-07-28T12:09:58.030785+00:00", "symbol": "AAPL", "side": "bid", "price": 150.82, "size": 132, "operation": "update"}
{"timestamp": "2025-07-28T12:09:58.070505+00:00", "symbol": "AAPL", "side": "ask", "price": 150.85, "size": 135, "operation": "update"}
{"timestamp": "2025-07-28T12:09:58.113420+00:00", "symbol": "AAPL", "side": "bid", "price": 150.88, "size": 138, "operation": "update"}
{"timestamp": "2025-07-28T12:09:58.154603+00:00", "symbol": "AAPL", "side": "ask", "price": 150.91, "size": 141, "operation": "update"}
{"timestamp": "2025-07-28T12:09:58.195323+00:00", "symbol": "AAPL", "side": "bid", "price": 150.94, "size": 144, "operation": "update"}
{"timestamp": "2025-07-28T12:09:58.234431+00:00", "symbol": "AAPL", "side": "ask", "price": 150.97, "size": 147, "operation": "update"}
{"timestamp": "2025-07-28T12:09:58.276575+00:00", "symbol": "AAPL", "side": "bid", "price": 150.0, "size": 100, "operation": "update"}
{"timestamp": "2025-07-28T12:09:58.317359+00:00", "symbol": "AAPL", "side": "ask", "price": 150.03, "size": 103, "operation": "update"}
{"timestamp": "2025-07-28T12:09:58.358123+00:00", "symbol": "AAPL", "side": "bid", "price": 150.06, "size": 106, "operation": "update"}
{"timestamp": "2025-07-28T12:09:58.398181+00:00", "symbol": "AAPL", "side": "ask", "price": 150.09, "size": 109, "operation": "update"}
{"timestamp": "2025-07-28T12:09:58.437333+00:00", "symbol": "AAPL", "side": "bid", "price": 150.12, "size": 112, "operation": "update"}
{"timestamp": "2025-07-28T12:09:58.476241+00:00", "symbol": "AAPL", "side": "ask", "price": 150.15, "size": 115, "operation": "update"}
{"timestamp": "2025-07-28T12:09:58.516578+00:00", "symbol": "AAPL", "side": "bid", "price": 150.18, "size": 118, "operation": "update"}
{"timestamp": "2025-07-28T12:09:58.557735+00:00", "symbol": "AAPL", "side": "ask", "price": 150.21, "size": 121, "operation": "update"}
{"timestamp": "2025-07-28T12:09:58.597594+00:00", "symbol": "AAPL", "side": "bid", "price": 150.24, "size": 124, "operation": "update"}
{"timestamp": "2025-07-28T12:09:58.639498+00:00", "symbol": "AAPL", "side": "ask", "price": 150.27, "size": 127, "operation": "update"}
{"timestamp": "2025-07-28T12:09:58.679132+00:00", "symbol": "AAPL", "side": "bid", "price": 150.3, "size": 130, "operation": "update"}
{"timestamp": "2025-07-28T12:09:58.720434+00:00", "symbol": "AAPL", "side": "ask", "price": 150.33, "size": 133, "operation": "update"}
{"timestamp": "2025-07-28T12:09:58.759571+00:00", "symbol": "AAPL", "side": "bid", "price": 150.36, "size": 136, "operation": "update"}
{"timestamp": "2025-07-28T12:09:58.798926+00:00", "symbol": "AAPL", "side": "ask", "price": 150.39, "size": 139, "operation": "update"}
{"timestamp": "2025-07-28T12:09:58.838540+00:00", "symbol": "AAPL", "side": "bid", "price": 150.42, "size": 142, "operation": "update"}
{"timestamp": "2025-07-28T12:09:58.880319+00:00", "symbol": "AAPL", "side": "ask", "price": 150.45, "size": 145, "operation": "update"}
{"timestamp": "2025-07-28T12:09:58.920220+00:00", "symbol": "AAPL", "side": "bid", "price": 150.48, "size": 148, "operation": "update"}
{"timestamp": "2025-07-28T12:09:58.960766+00:00", "symbol": "AAPL", "side": "ask", "price": 150.51, "size": 101, "operation": "update"}
{"timestamp": "2025-07-28T12:09:59.000279+00:00", "symbol": "AAPL", "side": "bid", "price": 150.54, "size": 104, "operation": "update"}
{"timestamp": "2025-07-28T12:09:59.040511+00:00", "symbol": "AAPL", "side": "ask", "price": 150.57, "size": 107, "operation": "update"}
{"timestamp": "2025-07-28T12:09:59.080423+00:00", "symbol": "AAPL", "side": "bid", "price": 150.6, "size": 110, "operation": "update"}
{"timestamp": "2025-07-28T12:09:59.119965+00:00", "symbol": "AAPL", "side": "ask", "price": 150.63, "size": 113, "operation": "update"}
{"timestamp": "2025-07-28T12:09:59.159827+00:00", "symbol": "AAPL", "side": "bid", "price": 150.66, "size": 116, "operation": "update"}
{"timestamp": "2025-07-28T12:09:59.199789+00:00", "symbol": "AAPL", "side": "ask", "price": 150.69, "size": 119, "operation": "update"}
{"timestamp": "2025-07-28T12:09:59.239233+00:00", "symbol": "AAPL", "side": "bid", "price": 150.72, "size": 122, "operation": "update"}
{"timestamp": "2025-07-28T12:09:59.284225+00:00", "symbol": "AAPL", "side": "ask", "price": 150.75, "size": 125, "operation": "update"}
{"timestamp": "2025-07-28T12:09:59.327528+00:00", "symbol": "AAPL", "side": "bid", "price": 150.78, "size": 128, "operation": "update"}
{"timestamp": "2025-07-28T12:09:59.368038+00:00", "symbol": "AAPL", "side": "ask", "price": 150.81, "size": 131, "operation": "update"}
{"timestamp": "2025-07-28T12:09:59.407561+00:00", "symbol": "AAPL", "side": "bid", "price": 150.84, "size": 134, "operation": "update"}
{"timestamp": "2025-07-28T12:09:59.449133+00:00", "symbol": "AAPL", "side": "ask", "price": 150.87, "size": 137, "operation": "update"}
{"timestamp": "2025-07-28T12:09:59.489329+00:00", "symbol": "AAPL", "side": "bid", "price": 150.9, "size": 140, "operation": "update"}
{"timestamp": "2025-07-28T12:09:59.528827+00:00", "symbol": "AAPL", "side": "ask", "price": 150.93, "size": 143, "operation": "update"}
{"timestamp": "2025-07-28T12:09:59.568944+00:00", "symbol": "AAPL", "side": "bid", "price": 150.96, "size": 146, "operation": "update"}
{"timestamp": "2025-07-28T12:09:59.609518+00:00", "symbol": "AAPL", "side": "ask", "price": 150.99, "size": 149, "operation": "update"}
{"timestamp": "2025-07-28T12:09:59.650570+00:00", "symbol": "AAPL", "side": "bid", "price": 150.02, "size": 102, "operation": "update"}
{"timestamp": "2025-07-28T12:09:59.692645+00:00", "symbol": "AAPL", "side": "ask", "price": 150.05, "size": 105, "operation": "update"}
{"timestamp": "2025-07-28T12:09:59.733280+00:00", "symbol": "AAPL", "side": "bid", "price": 150.08, "size": 108, "operation": "update"}
{"timestamp": "2025-07-28T12:09:59.773584+00:00", "symbol": "AAPL", "side": "ask", "price": 150.11, "size": 111, "operation": "update"}
{"timestamp": "2025-07-28T12:09:59.814079+00:00", "symbol": "AAPL", "side": "bid", "price": 150.14, "size": 114, "operation": "update"}
{"timestamp": "2025-07-28T12:09:59.853527+00:00", "symbol": "AAPL", "side": "ask", "price": 150.17, "size": 117, "operation": "update"}
{"timestamp": "2025-07-28T12:09:59.893054+00:00", "symbol": "AAPL", "side": "bid", "price": 150.2, "size": 120, "operation": "update"}
{"timestamp": "2025-07-28T12:09:59.932906+00:00", "symbol": "AAPL", "side": "ask", "price": 150.23, "size": 123, "operation": "update"}
{"timestamp": "2025-07-28T12:09:59.979504+00:00", "symbol": "AAPL", "side": "bid", "price": 150.26, "size": 126, "operation": "update"}
{"timestamp": "2025-07-28T12:10:00.020101+00:00", "symbol": "AAPL", "side": "ask", "price": 150.29, "size": 129, "operation": "update"}
{"timestamp": "2025-07-28T12:10:00.061682+00:00", "symbol": "AAPL", "side": "bid", "price": 150.32, "size": 132, "operation": "update"}
{"timestamp": "2025-07-28T12:10:00.102590+00:00", "symbol": "AAPL", "side": "ask", "price": 150.35, "size": 135, "operation": "update"}
{"timestamp": "2025-07-28T12:10:00.143937+00:00", "symbol": "AAPL", "side": "bid", "price": 150.38, "size": 138, "operation": "update"}
{"timestamp": "2025-07-28T12:10:00.184140+00:00", "symbol": "AAPL", "side": "ask", "price": 150.41, "size": 141, "operation": "update"}
{"timestamp": "2025-07-28T12:10:00.224513+00:00", "symbol": "AAPL", "side": "bid", "price": 150.44, "size": 144, "operation": "update"}
{"timestamp": "2025-07-28T12:10:00.264807+00:00", "symbol": "AAPL", "side": "ask", "price": 150.47, "size": 147, "operation": "update"}
{"timestamp": "2025-07-28T12:10:00.306934+00:00", "symbol": "AAPL", "side": "bid", "price": 150.5, "size": 100, "operation": "update"}
{"timestamp": "2025-07-28T12:10:00.347702+00:00", "symbol": "AAPL", "side": "ask", "price": 150.53, "size": 103, "operation": "update"}
{"timestamp": "2025-07-28T12:10:00.388115+00:00", "symbol": "AAPL", "side": "bid", "price": 150.56, "size": 106, "operation": "update"}
{"timestamp": "2025-07-28T12:10:00.428882+00:00", "symbol": "AAPL", "side": "ask", "price": 150.59, "size": 109, "operation": "update"}
{"timestamp": "2025-07-28T12:10:00.469889+00:00", "symbol": "AAPL", "side": "bid", "price": 150.62, "size": 112, "operation": "update"}
{"timestamp": "2025-07-28T12:10:00.509834+00:00", "symbol": "AAPL", "side": "ask", "price": 150.65, "size": 115, "operation": "update"}
{"timestamp": "2025-07-28T12:10:00.551533+00:00", "symbol": "AAPL", "side": "bid", "price": 150.68, "size": 118, "operation": "update"}
{"timestamp": "2025-07-28T12:10:00.594605+00:00", "symbol": "AAPL", "side": "ask", "price": 150.71, "size": 121, "operation": "update"}
{"timestamp": "2025-07-28T12:10:00.637941+00:00", "symbol": "AAPL", "side": "bid", "price": 150.74, "size": 124, "operation": "update"}
{"timestamp": "2025-07-28T12:10:00.677438+00:00", "symbol": "AAPL", "side": "ask", "price": 150.77, "size": 127, "operation": "update"}
{"timestamp": "2025-07-28T12:10:00.717343+00:00", "symbol": "AAPL", "side": "bid", "price": 150.8, "size": 130, "operation": "update"}
{"timestamp": "2025-07-28T12:10:00.757302+00:00", "symbol": "AAPL", "side": "ask", "price": 150.83, "size": 133, "operation": "update"}
{"timestamp": "2025-07-28T12:10:00.797074+00:00", "symbol": "AAPL", "side": "bid", "price": 150.86, "size": 136, "operation": "update"}
{"timestamp": "2025-07-28T12:10:00.836762+00:00", "symbol": "AAPL", "side": "ask", "price": 150.89, "size": 139, "operation": "update"}
{"timestamp": "2025-07-28T12:10:00.879349+00:00", "symbol": "AAPL", "side": "bid", "price": 150.92, "size": 142, "operation": "update"}
{"timestamp": "2025-07-28T12:10:00.919955+00:00", "symbol": "AAPL", "side": "ask", "price": 150.95, "size": 145, "operation": "update"}
{"timestamp": "2025-07-28T12:10:00.960735+00:00", "symbol": "AAPL", "side": "bid", "price": 150.98, "size": 148, "operation": "update"}
{"timestamp": "2025-07-28T12:10:01.001945+00:00", "symbol": "AAPL", "side": "ask", "price": 150.01, "size": 101, "operation": "update"}
{"timestamp": "2025-07-28T12:10:01.042624+00:00", "symbol": "AAPL", "side": "bid", "price": 150.04, "size": 104, "operation": "update"}
{"timestamp": "2025-07-28T12:10:01.082419+00:00", "symbol": "AAPL", "side": "ask", "price": 150.07, "size": 107, "operation": "update"}
{"timestamp": "2025-07-28T12:10:01.122212+00:00", "symbol": "AAPL", "side": "bid", "price": 150.1, "size": 110, "operation": "update"}
{"timestamp": "2025-07-28T12:10:01.163472+00:00", "symbol": "AAPL", "side": "ask", "price": 150.13, "size": 113, "operation": "update"}
{"timestamp": "2025-07-28T12:10:01.203610+00:00", "symbol": "AAPL", "side": "bid", "price": 150.16, "size": 116, "operation": "update"}
{"timestamp": "2025-07-28T12:10:01.245073+00:00", "symbol": "AAPL", "side": "ask", "price": 150.19, "size": 119, "operation": "update"}
{"timestamp": "2025-07-28T12:10:01.284958+00:00", "symbol": "AAPL", "side": "bid", "price": 150.22, "size": 122, "operation": "update"}
{"timestamp": "2025-07-28T12:10:01.326063+00:00", "symbol": "AAPL", "side": "ask", "price": 150.25, "size": 125, "operation": "update"}
{"timestamp": "2025-07-28T12:10:01.365867+00:00", "symbol": "AAPL", "side": "bid", "price": 150.28, "size": 128, "operation": "update"}
{"timestamp": "2025-07-28T12:10:01.406621+00:00", "symbol": "AAPL", "side": "ask", "price": 150.31, "size": 131, "operation": "update"}
{"timestamp": "2025-07-28T12:10:01.447115+00:00", "symbol": "AAPL", "side": "bid", "price": 150.34, "size": 134, "operation": "update"}
{"timestamp": "2025-07-28T12:10:01.486594+00:00", "symbol": "AAPL", "side": "ask", "price": 150.37, "size": 137, "operation": "update"}
{"timestamp": "2025-07-28T12:10:01.530742+00:00", "symbol": "AAPL", "side": "bid", "price": 150.4, "size": 140, "operation": "update"}
{"timestamp": "2025-07-28T12:10:01.573875+00:00", "symbol": "AAPL", "side": "ask", "price": 150.43, "size": 143, "operation": "update"}
{"timestamp": "2025-07-28T12:10:01.614392+00:00", "symbol": "AAPL", "side": "bid", "price": 150.46, "size": 146, "operation": "update"}
{"timestamp": "2025-07-28T12:10:01.656286+00:00", "symbol": "AAPL", "side": "ask", "price": 150.49, "size": 149, "operation": "update"}
{"timestamp": "2025-07-28T12:10:01.698105+00:00", "symbol": "AAPL", "side": "bid", "price": 150.52, "size": 102, "operation": "update"}
{"timestamp": "2025-07-28T12:10:01.742582+00:00", "symbol": "AAPL", "side": "ask", "price": 150.55, "size": 105, "operation": "update"}
{"timestamp": "2025-07-28T12:10:01.783008+00:00", "symbol": "AAPL", "side": "bid", "price": 150.58, "size": 108, "operation": "update"}
{"timestamp": "2025-07-28T12:10:01.823923+00:00", "symbol": "AAPL", "side": "ask", "price": 150.61, "size": 111, "operation": "update"}
{"timestamp": "2025-07-28T12:10:01.864095+00:00", "symbol": "AAPL", "side": "bid", "price": 150.64, "size": 114, "operation": "update"}
{"timestamp": "2025-07-28T12:10:01.905559+00:00", "symbol": "AAPL", "side": "ask", "price": 150.67, "size": 117, "operation": "update"}
{"timestamp": "2025-07-28T12:10:01.945903+00:00", "symbol": "AAPL", "side": "bid", "price": 150.7, "size": 120, "operation": "update"}
{"timestamp": "2025-07-28T12:10:01.987303+00:00", "symbol": "AAPL", "side": "ask", "price": 150.73, "size": 123, "operation": "update"}
{"timestamp": "2025-07-28T12:10:02.031323+00:00", "symbol": "AAPL", "side": "bid", "price": 150.76, "size": 126, "operation": "update"}
{"timestamp": "2025-07-28T12:10:02.072953+00:00", "symbol": "AAPL", "side": "ask", "price": 150.79, "size": 129, "operation": "update"}
{"timestamp": "2025-07-28T12:10:02.115641+00:00", "symbol": "AAPL", "side": "bid", "price": 150.82, "size": 132, "operation": "update"}
{"timestamp": "2025-07-28T12:10:02.154894+00:00", "symbol": "AAPL", "side": "ask", "price": 150.85, "size": 135, "operation": "update"}
{"timestamp": "2025-07-28T12:10:02.194420+00:00", "symbol": "AAPL", "side": "bid", "price": 150.88, "size": 138, "operation": "update"}
{"timestamp": "2025-07-28T12:10:02.234500+00:00", "symbol": "AAPL", "side": "ask", "price": 150.91, "size": 141, "operation": "update"}
{"timestamp": "2025-07-28T12:10:02.273745+00:00", "symbol": "AAPL", "side": "bid", "price": 150.94, "size": 144, "operation": "update"}
{"timestamp": "2025-07-28T12:10:02.313899+00:00", "symbol": "AAPL", "side": "ask", "price": 150.97, "size": 147, "operation": "update"}
{"timestamp": "2025-07-28T12:10:02.355836+00:00", "symbol": "AAPL", "side": "bid", "price": 150.0, "size": 100, "operation": "update"}
{"timestamp": "2025-07-28T12:10:02.395869+00:00", "symbol": "AAPL", "side": "ask", "price": 150.03, "size": 103, "operation": "update"}
{"timestamp": "2025-07-28T12:10:02.434958+00:00", "symbol": "AAPL", "side": "bid", "price": 150.06, "size": 106, "operation": "update"}
{"timestamp": "2025-07-28T12:10:02.476644+00:00", "symbol": "AAPL", "side": "ask", "price": 150.09, "size": 109, "operation": "update"}
{"timestamp": "2025-07-28T12:10:02.516529+00:00", "symbol": "AAPL", "side": "bid", "price": 150.12, "size": 112, "operation": "update"}
{"timestamp": "2025-07-28T12:10:02.556327+00:00", "symbol": "AAPL", "side": "ask", "price": 150.15, "size": 115, "operation": "update"}
{"timestamp": "2025-07-28T12:10:02.596715+00:00", "symbol": "AAPL", "side": "bid", "price": 150.18, "size": 118, "operation": "update"}
{"timestamp": "2025-07-28T12:10:02.639144+00:00", "symbol": "AAPL", "side": "ask", "price": 150.21, "size": 121, "operation": "update"}
{"timestamp": "2025-07-28T12:10:02.680639+00:00", "symbol": "AAPL", "side": "bid", "price": 150.24, "size": 124, "operation": "update"}
{"timestamp": "2025-07-28T12:10:02.723445+00:00", "symbol": "AAPL", "side": "ask", "price": 150.27, "size": 127, "operation": "update"}
{"timestamp": "2025-07-28T12:10:02.763821+00:00", "symbol": "AAPL", "side": "bid", "price": 150.3, "size": 130, "operation": "update"}
{"timestamp": "2025-07-28T12:10:02.803961+00:00", "symbol": "AAPL", "side": "ask", "price": 150.33, "size": 133, "operation": "update"}
{"timestamp": "2025-07-28T12:10:02.843973+00:00", "symbol": "AAPL", "side": "bid", "price": 150.36, "size": 136, "operation": "update"}
{"timestamp": "2025-07-28T12:10:02.884002+00:00", "symbol": "AAPL", "side": "ask", "price": 150.39, "size": 139, "operation": "update"}
{"timestamp": "2025-07-28T12:10:02.925177+00:00", "symbol": "AAPL", "side": "bid", "price": 150.42, "size": 142, "operation": "update"}
{"timestamp": "2025-07-28T12:10:02.964908+00:00", "symbol": "AAPL", "side": "ask", "price": 150.45, "size": 145, "operation": "update"}
{"timestamp": "2025-07-28T12:10:03.004920+00:00", "symbol": "AAPL", "side": "bid", "price": 150.48, "size": 148, "operation": "update"}
{"timestamp": "2025-07-28T12:10:03.044905+00:00", "symbol": "AAPL", "side": "ask", "price": 150.51, "size": 101, "operation": "update"}
{"timestamp": "2025-07-28T12:10:03.084809+00:00", "symbol": "AAPL", "side": "bid", "price": 150.54, "size": 104, "operation": "update"}
{"timestamp": "2025-07-28T12:10:03.124395+00:00", "symbol": "AAPL", "side": "ask", "price": 150.57, "size": 107, "operation": "update"}
{"timestamp": "2025-07-28T12:10:03.164633+00:00", "symbol": "AAPL", "side": "bid", "price": 150.6, "size": 110, "operation": "update"}
{"timestamp": "2025-07-28T12:10:03.205319+00:00", "symbol": "AAPL", "side": "ask", "price": 150.63, "size": 113, "operation": "update"}
{"timestamp": "2025-07-28T12:10:03.245323+00:00", "symbol": "AAPL", "side": "bid", "price": 150.66, "size": 116, "operation": "update"}
{"timestamp": "2025-07-28T12:10:03.286551+00:00", "symbol": "AAPL", "side": "ask", "price": 150.69, "size": 119, "operation": "update"}
{"timestamp": "2025-07-28T12:10:03.330220+00:00", "symbol": "AAPL", "side": "bid", "price": 150.72, "size": 122, "operation": "update"}
{"timestamp": "2025-07-28T12:10:03.370648+00:00", "symbol": "AAPL", "side": "ask", "price": 150.75, "size": 125, "operation": "update"}
{"timestamp": "2025-07-28T12:10:03.410832+00:00", "symbol": "AAPL", "side": "bid", "price": 150.78, "size": 128, "operation": "update"}
{"timestamp": "2025-07-28T12:10:03.452587+00:00", "symbol": "AAPL", "side": "ask", "price": 150.81, "size": 131, "operation": "update"}
{"timestamp": "2025-07-28T12:10:03.494631+00:00", "symbol": "AAPL", "side": "bid", "price": 150.84, "size": 134, "operation": "update"}
{"timestamp": "2025-07-28T12:10:03.535149+00:00", "symbol": "AAPL", "side": "ask", "price": 150.87, "size": 137, "operation": "update"}
{"timestamp": "2025-07-28T12:10:03.576750+00:00", "symbol": "AAPL", "side": "bid", "price": 150.9, "size": 140, "operation": "update"}
{"timestamp": "2025-07-28T12:10:03.618085+00:00", "symbol": "AAPL", "side": "ask", "price": 150.93, "size": 143, "operation": "update"}
{"timestamp": "2025-07-28T12:10:03.659252+00:00", "symbol": "AAPL", "side": "bid", "price": 150.96, "size": 146, "operation": "update"}
{"timestamp": "2025-07-28T12:10:03.702382+00:00", "symbol": "AAPL", "side": "ask", "price": 150.99, "size": 149, "operation": "update"}
{"timestamp": "2025-07-28T12:10:03.746160+00:00", "symbol": "AAPL", "side": "bid", "price": 150.02, "size": 102, "operation": "update"}
{"timestamp": "2025-07-28T12:10:03.787178+00:00", "symbol": "AAPL", "side": "ask", "price": 150.05, "size": 105, "operation": "update"}
{"timestamp": "2025-07-28T12:10:03.827948+00:00", "symbol": "AAPL", "side": "bid", "price": 150.08, "size": 108, "operation": "update"}
{"timestamp": "2025-07-28T12:10:03.869976+00:00", "symbol": "AAPL", "side": "ask", "price": 150.11, "size": 111, "operation": "update"}
{"timestamp": "2025-07-28T12:10:03.910868+00:00", "symbol": "AAPL", "side": "bid", "price": 150.14, "size": 114, "operation": "update"}
{"timestamp": "2025-07-28T12:10:03.951472+00:00", "symbol": "AAPL", "side": "ask", "price": 150.17, "size": 117, "operation": "update"}
{"timestamp": "2025-07-28T12:10:03.996453+00:00", "symbol": "AAPL", "side": "bid", "price": 150.2, "size": 120, "operation": "update"}
{"timestamp": "2025-07-28T12:10:04.037333+00:00", "symbol": "AAPL", "side": "ask", "price": 150.23, "size": 123, "operation": "update"}
{"timestamp": "2025-07-28T12:10:04.078844+00:00", "symbol": "AAPL", "side": "bid", "price": 150.26, "size": 126, "operation": "update"}
{"timestamp": "2025-07-28T12:10:04.120146+00:00", "symbol": "AAPL", "side": "ask", "price": 150.29, "size": 129, "operation": "update"}
{"timestamp": "2025-07-28T12:10:04.161811+00:00", "symbol": "AAPL", "side": "bid", "price": 150.32, "size": 132, "operation": "update"}
{"timestamp": "2025-07-28T12:10:04.203014+00:00", "symbol": "AAPL", "side": "ask", "price": 150.35, "size": 135, "operation": "update"}
{"timestamp": "2025-07-28T12:10:04.244177+00:00", "symbol": "AAPL", "side": "bid", "price": 150.38, "size": 138, "operation": "update"}
{"timestamp": "2025-07-28T12:10:04.285360+00:00", "symbol": "AAPL", "side": "ask", "price": 150.41, "size": 141, "operation": "update"}
{"timestamp": "2025-07-28T12:10:04.325988+00:00", "symbol": "AAPL", "side": "bid", "price": 150.44, "size": 144, "operation": "update"}
{"timestamp": "2025-07-28T12:10:04.366737+00:00", "symbol": "AAPL", "side": "ask", "price": 150.47, "size": 147, "operation": "update"}
{"timestamp": "2025-07-28T12:10:04.407602+00:00", "symbol": "AAPL", "side": "bid", "price": 150.5, "size": 100, "operation": "update"}
{"timestamp": "2025-07-28T12:10:04.448398+00:00", "symbol": "AAPL", "side": "ask", "price": 150.53, "size": 103, "operation": "update"}
{"timestamp": "2025-07-28T12:10:04.489547+00:00", "symbol": "AAPL", "side": "bid", "price": 150.56, "size": 106, "operation": "update"}
{"timestamp": "2025-07-28T12:10:04.530994+00:00", "symbol": "AAPL", "side": "ask", "price": 150.59, "size": 109, "operation": "update"}
{"timestamp": "2025-07-28T12:10:04.577283+00:00", "symbol": "AAPL", "side": "bid", "price": 150.62, "size": 112, "operation": "update"}
{"timestamp": "2025-07-28T12:10:04.618175+00:00", "symbol": "AAPL", "side": "ask", "price": 150.65, "size": 115, "operation": "update"}
{"timestamp": "2025-07-28T12:10:04.659704+00:00", "symbol": "AAPL", "side": "bid", "price": 150.68, "size": 118, "operation": "update"}
{"timestamp": "2025-07-28T12:10:04.700675+00:00", "symbol": "AAPL", "side": "ask", "price": 150.71, "size": 121, "operation": "update"}
{"timestamp": "2025-07-28T12:10:04.744713+00:00", "symbol": "AAPL", "side": "bid", "price": 150.74, "size": 124, "operation": "update"}
{"timestamp": "2025-07-28T12:10:04.786185+00:00", "symbol": "AAPL", "side": "ask", "price": 150.77, "size": 127, "operation": "update"}
{"timestamp": "2025-07-28T12:10:04.828446+00:00", "symbol": "AAPL", "side": "bid", "price": 150.8, "size": 130, "operation": "update"}
{"timestamp": "2025-07-28T12:10:04.870809+00:00", "symbol": "AAPL", "side": "ask", "price": 150.83, "size": 133, "operation": "update"}
{"timestamp": "2025-07-28T12:10:04.914016+00:00", "symbol": "AAPL", "side": "bid", "price": 150.86, "size": 136, "operation": "update"}
{"timestamp": "2025-07-28T12:10:04.957099+00:00", "symbol": "AAPL", "side": "ask", "price": 150.89, "size": 139, "operation": "update"}
{"timestamp": "2025-07-28T12:10:04.998450+00:00", "symbol": "AAPL", "side": "bid", "price": 150.92, "size": 142, "operation": "update"}
{"timestamp": "2025-07-28T12:10:05.041737+00:00", "symbol": "AAPL", "side": "ask", "price": 150.95, "size": 145, "operation": "update"}
{"timestamp": "2025-07-28T12:10:05.082590+00:00", "symbol": "AAPL", "side": "bid", "price": 150.98, "size": 148, "operation": "update"}
{"timestamp": "2025-07-28T12:10:05.123524+00:00", "symbol": "AAPL", "side": "ask", "price": 150.01, "size": 101, "operation": "update"}
{"timestamp": "2025-07-28T12:10:05.164813+00:00", "symbol": "AAPL", "side": "bid", "price": 150.04, "size": 104, "operation": "update"}
{"timestamp": "2025-07-28T12:10:05.206653+00:00", "symbol": "AAPL", "side": "ask", "price": 150.07, "size": 107, "operation": "update"}
{"timestamp": "2025-07-28T12:10:05.247839+00:00", "symbol": "AAPL", "side": "bid", "price": 150.1, "size": 110, "operation": "update"}
{"timestamp": "2025-07-28T12:10:05.289934+00:00", "symbol": "AAPL", "side": "ask", "price": 150.13, "size": 113, "operation": "update"}
{"timestamp": "2025-07-28T12:10:05.330637+00:00", "symbol": "AAPL", "side": "bid", "price": 150.16, "size": 116, "operation": "update"}
{"timestamp": "2025-07-28T12:10:05.371263+00:00", "symbol": "AAPL", "side": "ask", "price": 150.19, "size": 119, "operation": "update"}
{"timestamp": "2025-07-28T12:10:05.412108+00:00", "symbol": "AAPL", "side": "bid", "price": 150.22, "size": 122, "operation": "update"}
{"timestamp": "2025-07-28T12:10:05.451681+00:00", "symbol": "AAPL", "side": "ask", "price": 150.25, "size": 125, "operation": "update"}
{"timestamp": "2025-07-28T12:10:05.492096+00:00", "symbol": "AAPL", "side": "bid", "price": 150.28, "size": 128, "operation": "update"}
{"timestamp": "2025-07-28T12:10:05.532185+00:00", "symbol": "AAPL", "side": "ask", "price": 150.31, "size": 131, "operation": "update"}
{"timestamp": "2025-07-28T12:10:05.573602+00:00", "symbol": "AAPL", "side": "bid", "price": 150.34, "size": 134, "operation": "update"}
{"timestamp": "2025-07-28T12:10:05.615640+00:00", "symbol": "AAPL", "side": "ask", "price": 150.37, "size": 137, "operation": "update"}
{"timestamp": "2025-07-28T12:10:05.656915+00:00", "symbol": "AAPL", "side": "bid", "price": 150.4, "size": 140, "operation": "update"}
{"timestamp": "2025-07-28T12:10:05.697865+00:00", "symbol": "AAPL", "side": "ask", "price": 150.43, "size": 143, "operation": "update"}
{"timestamp": "2025-07-28T12:10:05.738773+00:00", "symbol": "AAPL", "side": "bid", "price": 150.46, "size": 146, "operation": "update"}
{"timestamp": "2025-07-28T12:10:05.782042+00:00", "symbol": "AAPL", "side": "ask", "price": 150.49, "size": 149, "operation": "update"}
{"timestamp": "2025-07-28T12:10:05.825897+00:00", "symbol": "AAPL", "side": "bid", "price": 150.52, "size": 102, "operation": "update"}
{"timestamp": "2025-07-28T12:10:05.865748+00:00", "symbol": "AAPL", "side": "ask", "price": 150.55, "size": 105, "operation": "update"}
{"timestamp": "2025-07-28T12:10:05.906667+00:00", "symbol": "AAPL", "side": "bid", "price": 150.58, "size": 108, "operation": "update"}
{"timestamp": "2025-07-28T12:10:05.949230+00:00", "symbol": "AAPL", "side": "ask", "price": 150.61, "size": 111, "operation": "update"}
{"timestamp": "2025-07-28T12:10:05.990495+00:00", "symbol": "AAPL", "side": "bid", "price": 150.64, "size": 114, "operation": "update"}
{"timestamp": "2025-07-28T12:10:06.034032+00:00", "symbol": "AAPL", "side": "ask", "price": 150.67, "size": 117, "operation": "update"}
{"timestamp": "2025-07-28T12:10:06.076444+00:00", "symbol": "AAPL", "side": "bid", "price": 150.7, "size": 120, "operation": "update"}
{"timestamp": "2025-07-28T12:10:06.117690+00:00", "symbol": "AAPL", "side": "ask", "price": 150.73, "size": 123, "operation": "update"}
{"timestamp": "2025-07-28T12:10:06.161160+00:00", "symbol": "AAPL", "side": "bid", "price": 150.76, "size": 126, "operation": "update"}
{"timestamp": "2025-07-28T12:10:06.201288+00:00", "symbol": "AAPL", "side": "ask", "price": 150.79, "size": 129, "operation": "update"}
{"timestamp": "2025-07-28T12:10:06.242094+00:00", "symbol": "AAPL", "side": "bid", "price": 150.82, "size": 132, "operation": "update"}
{"timestamp": "2025-07-28T12:10:06.282199+00:00", "symbol": "AAPL", "side": "ask", "price": 150.85, "size": 135, "operation": "update"}
{"timestamp": "2025-07-28T12:10:06.322571+00:00", "symbol": "AAPL", "side": "bid", "price": 150.88, "size": 138, "operation": "update"}
{"timestamp": "2025-07-28T12:10:06.362722+00:00", "symbol": "AAPL", "side": "ask", "price": 150.91, "size": 141, "operation": "update"}
{"timestamp": "2025-07-28T12:10:06.404005+00:00", "symbol": "AAPL", "side": "bid", "price": 150.94, "size": 144, "operation": "update"}
{"timestamp": "2025-07-28T12:10:06.444619+00:00", "symbol": "AAPL", "side": "ask", "price": 150.97, "size": 147, "operation": "update"}
{"timestamp": "2025-07-28T12:10:06.484578+00:00", "symbol": "AAPL", "side": "bid", "price": 150.0, "size": 100, "operation": "update"}
{"timestamp": "2025-07-28T12:10:06.527459+00:00", "symbol": "AAPL", "side": "ask", "price": 150.03, "size": 103, "operation": "update"}
{"timestamp": "2025-07-28T12:10:06.566862+00:00", "symbol": "AAPL", "side": "bid", "price": 150.06, "size": 106, "operation": "update"}
{"timestamp": "2025-07-28T12:10:06.607476+00:00", "symbol": "AAPL", "side": "ask", "price": 150.09, "size": 109, "operation": "update"}
{"timestamp": "2025-07-28T12:10:06.646951+00:00", "symbol": "AAPL", "side": "bid", "price": 150.12, "size": 112, "operation": "update"}
{"timestamp": "2025-07-28T12:10:06.685653+00:00", "symbol": "AAPL", "side": "ask", "price": 150.15, "size": 115, "operation": "update"}
{"timestamp": "2025-07-28T12:10:06.725294+00:00", "symbol": "AAPL", "side": "bid", "price": 150.18, "size": 118, "operation": "update"}
{"timestamp": "2025-07-28T12:10:06.765219+00:00", "symbol": "AAPL", "side": "ask", "price": 150.21, "size": 121, "operation": "update"}
{"timestamp": "2025-07-28T12:10:06.804724+00:00", "symbol": "AAPL", "side": "bid", "price": 150.24, "size": 124, "operation": "update"}
{"timestamp": "2025-07-28T12:10:06.843676+00:00", "symbol": "AAPL", "side": "ask", "price": 150.27, "size": 127, "operation": "update"}
{"timestamp": "2025-07-28T12:10:06.883876+00:00", "symbol": "AAPL", "side": "bid", "price": 150.3, "size": 130, "operation": "update"}
{"timestamp": "2025-07-28T12:10:06.924160+00:00", "symbol": "AAPL", "side": "ask", "price": 150.33, "size": 133, "operation": "update"}
{"timestamp": "2025-07-28T12:10:06.963533+00:00", "symbol": "AAPL", "side": "bid", "price": 150.36, "size": 136, "operation": "update"}
{"timestamp": "2025-07-28T12:10:07.003394+00:00", "symbol": "AAPL", "side": "ask", "price": 150.39, "size": 139, "operation": "update"}
{"timestamp": "2025-07-28T12:10:07.045564+00:00", "symbol": "AAPL", "side": "bid", "price": 150.42, "size": 142, "operation": "update"}
{"timestamp": "2025-07-28T12:10:07.085917+00:00", "symbol": "AAPL", "side": "ask", "price": 150.45, "size": 145, "operation": "update"}
{"timestamp": "2025-07-28T12:10:07.127954+00:00", "symbol": "AAPL", "side": "bid", "price": 150.48, "size": 148, "operation": "update"}
{"timestamp": "2025-07-28T12:10:07.168048+00:00", "symbol": "AAPL", "side": "ask", "price": 150.51, "size": 101, "operation": "update"}
{"timestamp": "2025-07-28T12:10:07.207679+00:00", "symbol": "AAPL", "side": "bid", "price": 150.54, "size": 104, "operation": "update"}
{"timestamp": "2025-07-28T12:10:07.247279+00:00", "symbol": "AAPL", "side": "ask", "price": 150.57, "size": 107, "operation": "update"}
{"timestamp": "2025-07-28T12:10:07.287097+00:00", "symbol": "AAPL", "side": "bid", "price": 150.6, "size": 110, "operation": "update"}
{"timestamp": "2025-07-28T12:10:07.326807+00:00", "symbol": "AAPL", "side": "ask", "price": 150.63, "size": 113, "operation": "update"}
{"timestamp": "2025-07-28T12:10:07.366363+00:00", "symbol": "AAPL", "side": "bid", "price": 150.66, "size": 116, "operation": "update"}
{"timestamp": "2025-07-28T12:10:07.405714+00:00", "symbol": "AAPL", "side": "ask", "price": 150.69, "size": 119, "operation": "update"}
{"timestamp": "2025-07-28T12:10:07.445859+00:00", "symbol": "AAPL", "side": "bid", "price": 150.72, "size": 122, "operation": "update"}
{"timestamp": "2025-07-28T12:10:07.487319+00:00", "symbol": "AAPL", "side": "ask", "price": 150.75, "size": 125, "operation": "update"}
{"timestamp": "2025-07-28T12:10:07.526357+00:00", "symbol": "AAPL", "side": "bid", "price": 150.78, "size": 128, "operation": "update"}
{"timestamp": "2025-07-28T12:10:07.567117+00:00", "symbol": "AAPL", "side": "ask", "price": 150.81, "size": 131, "operation": "update"}
{"timestamp": "2025-07-28T12:10:07.607600+00:00", "symbol": "AAPL", "side": "bid", "price": 150.84, "size": 134, "operation": "update"}
{"timestamp": "2025-07-28T12:10:07.647562+00:00", "symbol": "AAPL", "side": "ask", "price": 150.87, "size": 137, "operation": "update"}
{"timestamp": "2025-07-28T12:10:07.688220+00:00", "symbol": "AAPL", "side": "bid", "price": 150.9, "size": 140, "operation": "update"}
{"timestamp": "2025-07-28T12:10:07.728142+00:00", "symbol": "AAPL", "side": "ask", "price": 150.93, "size": 143, "operation": "update"}
{"timestamp": "2025-07-28T12:10:07.770811+00:00", "symbol": "AAPL", "side": "bid", "price": 150.96, "size": 146, "operation": "update"}
