{"timestamp": "2025-07-28T12:09:38.123932+00:00", "symbol": "GOOGL", "side": "bid", "price": 150.02, "size": 102, "operation": "update"}
{"timestamp": "2025-07-28T12:09:38.164703+00:00", "symbol": "GOOGL", "side": "ask", "price": 150.05, "size": 105, "operation": "update"}
{"timestamp": "2025-07-28T12:09:38.205551+00:00", "symbol": "GOOGL", "side": "bid", "price": 150.08, "size": 108, "operation": "update"}
{"timestamp": "2025-07-28T12:09:38.246995+00:00", "symbol": "GOOGL", "side": "ask", "price": 150.11, "size": 111, "operation": "update"}
{"timestamp": "2025-07-28T12:09:38.286181+00:00", "symbol": "GOOGL", "side": "bid", "price": 150.14, "size": 114, "operation": "update"}
{"timestamp": "2025-07-28T12:09:38.325425+00:00", "symbol": "GOOGL", "side": "ask", "price": 150.17, "size": 117, "operation": "update"}
{"timestamp": "2025-07-28T12:09:38.367521+00:00", "symbol": "GOOGL", "side": "bid", "price": 150.2, "size": 120, "operation": "update"}
{"timestamp": "2025-07-28T12:09:38.408005+00:00", "symbol": "GOOGL", "side": "ask", "price": 150.23, "size": 123, "operation": "update"}
{"timestamp": "2025-07-28T12:09:38.448117+00:00", "symbol": "GOOGL", "side": "bid", "price": 150.26, "size": 126, "operation": "update"}
{"timestamp": "2025-07-28T12:09:38.488801+00:00", "symbol": "GOOGL", "side": "ask", "price": 150.29, "size": 129, "operation": "update"}
{"timestamp": "2025-07-28T12:09:38.528816+00:00", "symbol": "GOOGL", "side": "bid", "price": 150.32, "size": 132, "operation": "update"}
{"timestamp": "2025-07-28T12:09:38.570911+00:00", "symbol": "GOOGL", "side": "ask", "price": 150.35, "size": 135, "operation": "update"}
{"timestamp": "2025-07-28T12:09:38.611916+00:00", "symbol": "GOOGL", "side": "bid", "price": 150.38, "size": 138, "operation": "update"}
{"timestamp": "2025-07-28T12:09:38.653070+00:00", "symbol": "GOOGL", "side": "ask", "price": 150.41, "size": 141, "operation": "update"}
{"timestamp": "2025-07-28T12:09:38.693846+00:00", "symbol": "GOOGL", "side": "bid", "price": 150.44, "size": 144, "operation": "update"}
{"timestamp": "2025-07-28T12:09:38.733340+00:00", "symbol": "GOOGL", "side": "ask", "price": 150.47, "size": 147, "operation": "update"}
{"timestamp": "2025-07-28T12:09:38.773051+00:00", "symbol": "GOOGL", "side": "bid", "price": 150.5, "size": 100, "operation": "update"}
{"timestamp": "2025-07-28T12:09:38.812687+00:00", "symbol": "GOOGL", "side": "ask", "price": 150.53, "size": 103, "operation": "update"}
{"timestamp": "2025-07-28T12:09:38.852888+00:00", "symbol": "GOOGL", "side": "bid", "price": 150.56, "size": 106, "operation": "update"}
{"timestamp": "2025-07-28T12:09:38.892339+00:00", "symbol": "GOOGL", "side": "ask", "price": 150.59, "size": 109, "operation": "update"}
{"timestamp": "2025-07-28T12:09:38.934658+00:00", "symbol": "GOOGL", "side": "bid", "price": 150.62, "size": 112, "operation": "update"}
{"timestamp": "2025-07-28T12:09:38.975192+00:00", "symbol": "GOOGL", "side": "ask", "price": 150.65, "size": 115, "operation": "update"}
{"timestamp": "2025-07-28T12:09:39.015718+00:00", "symbol": "GOOGL", "side": "bid", "price": 150.68, "size": 118, "operation": "update"}
{"timestamp": "2025-07-28T12:09:39.054857+00:00", "symbol": "GOOGL", "side": "ask", "price": 150.71, "size": 121, "operation": "update"}
{"timestamp": "2025-07-28T12:09:39.094915+00:00", "symbol": "GOOGL", "side": "bid", "price": 150.74, "size": 124, "operation": "update"}
{"timestamp": "2025-07-28T12:09:39.137489+00:00", "symbol": "GOOGL", "side": "ask", "price": 150.77, "size": 127, "operation": "update"}
{"timestamp": "2025-07-28T12:09:39.177454+00:00", "symbol": "GOOGL", "side": "bid", "price": 150.8, "size": 130, "operation": "update"}
{"timestamp": "2025-07-28T12:09:39.216968+00:00", "symbol": "GOOGL", "side": "ask", "price": 150.83, "size": 133, "operation": "update"}
{"timestamp": "2025-07-28T12:09:39.259937+00:00", "symbol": "GOOGL", "side": "bid", "price": 150.86, "size": 136, "operation": "update"}
{"timestamp": "2025-07-28T12:09:39.304812+00:00", "symbol": "GOOGL", "side": "ask", "price": 150.89, "size": 139, "operation": "update"}
{"timestamp": "2025-07-28T12:09:39.345455+00:00", "symbol": "GOOGL", "side": "bid", "price": 150.92, "size": 142, "operation": "update"}
{"timestamp": "2025-07-28T12:09:39.386571+00:00", "symbol": "GOOGL", "side": "ask", "price": 150.95, "size": 145, "operation": "update"}
{"timestamp": "2025-07-28T12:09:39.426304+00:00", "symbol": "GOOGL", "side": "bid", "price": 150.98, "size": 148, "operation": "update"}
{"timestamp": "2025-07-28T12:09:39.466316+00:00", "symbol": "GOOGL", "side": "ask", "price": 150.01, "size": 101, "operation": "update"}
{"timestamp": "2025-07-28T12:09:39.506888+00:00", "symbol": "GOOGL", "side": "bid", "price": 150.04, "size": 104, "operation": "update"}
{"timestamp": "2025-07-28T12:09:39.547015+00:00", "symbol": "GOOGL", "side": "ask", "price": 150.07, "size": 107, "operation": "update"}
{"timestamp": "2025-07-28T12:09:39.588093+00:00", "symbol": "GOOGL", "side": "bid", "price": 150.1, "size": 110, "operation": "update"}
{"timestamp": "2025-07-28T12:09:39.628002+00:00", "symbol": "GOOGL", "side": "ask", "price": 150.13, "size": 113, "operation": "update"}
{"timestamp": "2025-07-28T12:09:39.667742+00:00", "symbol": "GOOGL", "side": "bid", "price": 150.16, "size": 116, "operation": "update"}
{"timestamp": "2025-07-28T12:09:39.708287+00:00", "symbol": "GOOGL", "side": "ask", "price": 150.19, "size": 119, "operation": "update"}
{"timestamp": "2025-07-28T12:09:39.749795+00:00", "symbol": "GOOGL", "side": "bid", "price": 150.22, "size": 122, "operation": "update"}
{"timestamp": "2025-07-28T12:09:39.789445+00:00", "symbol": "GOOGL", "side": "ask", "price": 150.25, "size": 125, "operation": "update"}
{"timestamp": "2025-07-28T12:09:39.829684+00:00", "symbol": "GOOGL", "side": "bid", "price": 150.28, "size": 128, "operation": "update"}
{"timestamp": "2025-07-28T12:09:39.870841+00:00", "symbol": "GOOGL", "side": "ask", "price": 150.31, "size": 131, "operation": "update"}
{"timestamp": "2025-07-28T12:09:39.910777+00:00", "symbol": "GOOGL", "side": "bid", "price": 150.34, "size": 134, "operation": "update"}
{"timestamp": "2025-07-28T12:09:39.950234+00:00", "symbol": "GOOGL", "side": "ask", "price": 150.37, "size": 137, "operation": "update"}
{"timestamp": "2025-07-28T12:09:39.990986+00:00", "symbol": "GOOGL", "side": "bid", "price": 150.4, "size": 140, "operation": "update"}
{"timestamp": "2025-07-28T12:09:40.030206+00:00", "symbol": "GOOGL", "side": "ask", "price": 150.43, "size": 143, "operation": "update"}
{"timestamp": "2025-07-28T12:09:40.069844+00:00", "symbol": "GOOGL", "side": "bid", "price": 150.46, "size": 146, "operation": "update"}
{"timestamp": "2025-07-28T12:09:40.111125+00:00", "symbol": "GOOGL", "side": "ask", "price": 150.49, "size": 149, "operation": "update"}
{"timestamp": "2025-07-28T12:09:40.150748+00:00", "symbol": "GOOGL", "side": "bid", "price": 150.52, "size": 102, "operation": "update"}
{"timestamp": "2025-07-28T12:09:40.190943+00:00", "symbol": "GOOGL", "side": "ask", "price": 150.55, "size": 105, "operation": "update"}
{"timestamp": "2025-07-28T12:09:40.232315+00:00", "symbol": "GOOGL", "side": "bid", "price": 150.58, "size": 108, "operation": "update"}
{"timestamp": "2025-07-28T12:09:40.271036+00:00", "symbol": "GOOGL", "side": "ask", "price": 150.61, "size": 111, "operation": "update"}
{"timestamp": "2025-07-28T12:09:40.312695+00:00", "symbol": "GOOGL", "side": "bid", "price": 150.64, "size": 114, "operation": "update"}
{"timestamp": "2025-07-28T12:09:40.353389+00:00", "symbol": "GOOGL", "side": "ask", "price": 150.67, "size": 117, "operation": "update"}
{"timestamp": "2025-07-28T12:09:40.392871+00:00", "symbol": "GOOGL", "side": "bid", "price": 150.7, "size": 120, "operation": "update"}
{"timestamp": "2025-07-28T12:09:40.432184+00:00", "symbol": "GOOGL", "side": "ask", "price": 150.73, "size": 123, "operation": "update"}
{"timestamp": "2025-07-28T12:09:40.472717+00:00", "symbol": "GOOGL", "side": "bid", "price": 150.76, "size": 126, "operation": "update"}
{"timestamp": "2025-07-28T12:09:40.512291+00:00", "symbol": "GOOGL", "side": "ask", "price": 150.79, "size": 129, "operation": "update"}
{"timestamp": "2025-07-28T12:09:40.554808+00:00", "symbol": "GOOGL", "side": "bid", "price": 150.82, "size": 132, "operation": "update"}
{"timestamp": "2025-07-28T12:09:40.595834+00:00", "symbol": "GOOGL", "side": "ask", "price": 150.85, "size": 135, "operation": "update"}
{"timestamp": "2025-07-28T12:09:40.636463+00:00", "symbol": "GOOGL", "side": "bid", "price": 150.88, "size": 138, "operation": "update"}
{"timestamp": "2025-07-28T12:09:40.676217+00:00", "symbol": "GOOGL", "side": "ask", "price": 150.91, "size": 141, "operation": "update"}
{"timestamp": "2025-07-28T12:09:40.716609+00:00", "symbol": "GOOGL", "side": "bid", "price": 150.94, "size": 144, "operation": "update"}
{"timestamp": "2025-07-28T12:09:40.755824+00:00", "symbol": "GOOGL", "side": "ask", "price": 150.97, "size": 147, "operation": "update"}
{"timestamp": "2025-07-28T12:09:40.795657+00:00", "symbol": "GOOGL", "side": "bid", "price": 150.0, "size": 100, "operation": "update"}
{"timestamp": "2025-07-28T12:09:40.835745+00:00", "symbol": "GOOGL", "side": "ask", "price": 150.03, "size": 103, "operation": "update"}
{"timestamp": "2025-07-28T12:09:40.875195+00:00", "symbol": "GOOGL", "side": "bid", "price": 150.06, "size": 106, "operation": "update"}
{"timestamp": "2025-07-28T12:09:40.916761+00:00", "symbol": "GOOGL", "side": "ask", "price": 150.09, "size": 109, "operation": "update"}
{"timestamp": "2025-07-28T12:09:40.957697+00:00", "symbol": "GOOGL", "side": "bid", "price": 150.12, "size": 112, "operation": "update"}
{"timestamp": "2025-07-28T12:09:40.998313+00:00", "symbol": "GOOGL", "side": "ask", "price": 150.15, "size": 115, "operation": "update"}
{"timestamp": "2025-07-28T12:09:41.038704+00:00", "symbol": "GOOGL", "side": "bid", "price": 150.18, "size": 118, "operation": "update"}
{"timestamp": "2025-07-28T12:09:41.077837+00:00", "symbol": "GOOGL", "side": "ask", "price": 150.21, "size": 121, "operation": "update"}
{"timestamp": "2025-07-28T12:09:41.117513+00:00", "symbol": "GOOGL", "side": "bid", "price": 150.24, "size": 124, "operation": "update"}
{"timestamp": "2025-07-28T12:09:41.158497+00:00", "symbol": "GOOGL", "side": "ask", "price": 150.27, "size": 127, "operation": "update"}
{"timestamp": "2025-07-28T12:09:41.200709+00:00", "symbol": "GOOGL", "side": "bid", "price": 150.3, "size": 130, "operation": "update"}
{"timestamp": "2025-07-28T12:09:41.240747+00:00", "symbol": "GOOGL", "side": "ask", "price": 150.33, "size": 133, "operation": "update"}
{"timestamp": "2025-07-28T12:09:41.280254+00:00", "symbol": "GOOGL", "side": "bid", "price": 150.36, "size": 136, "operation": "update"}
{"timestamp": "2025-07-28T12:09:41.322500+00:00", "symbol": "GOOGL", "side": "ask", "price": 150.39, "size": 139, "operation": "update"}
{"timestamp": "2025-07-28T12:09:41.361677+00:00", "symbol": "GOOGL", "side": "bid", "price": 150.42, "size": 142, "operation": "update"}
{"timestamp": "2025-07-28T12:09:41.401343+00:00", "symbol": "GOOGL", "side": "ask", "price": 150.45, "size": 145, "operation": "update"}
{"timestamp": "2025-07-28T12:09:41.444369+00:00", "symbol": "GOOGL", "side": "bid", "price": 150.48, "size": 148, "operation": "update"}
{"timestamp": "2025-07-28T12:09:41.483745+00:00", "symbol": "GOOGL", "side": "ask", "price": 150.51, "size": 101, "operation": "update"}
{"timestamp": "2025-07-28T12:09:41.522704+00:00", "symbol": "GOOGL", "side": "bid", "price": 150.54, "size": 104, "operation": "update"}
{"timestamp": "2025-07-28T12:09:41.565666+00:00", "symbol": "GOOGL", "side": "ask", "price": 150.57, "size": 107, "operation": "update"}
{"timestamp": "2025-07-28T12:09:41.606053+00:00", "symbol": "GOOGL", "side": "bid", "price": 150.6, "size": 110, "operation": "update"}
{"timestamp": "2025-07-28T12:09:41.645847+00:00", "symbol": "GOOGL", "side": "ask", "price": 150.63, "size": 113, "operation": "update"}
{"timestamp": "2025-07-28T12:09:41.686908+00:00", "symbol": "GOOGL", "side": "bid", "price": 150.66, "size": 116, "operation": "update"}
{"timestamp": "2025-07-28T12:09:41.726279+00:00", "symbol": "GOOGL", "side": "ask", "price": 150.69, "size": 119, "operation": "update"}
{"timestamp": "2025-07-28T12:09:41.765748+00:00", "symbol": "GOOGL", "side": "bid", "price": 150.72, "size": 122, "operation": "update"}
{"timestamp": "2025-07-28T12:09:41.806523+00:00", "symbol": "GOOGL", "side": "ask", "price": 150.75, "size": 125, "operation": "update"}
{"timestamp": "2025-07-28T12:09:41.846315+00:00", "symbol": "GOOGL", "side": "bid", "price": 150.78, "size": 128, "operation": "update"}
{"timestamp": "2025-07-28T12:09:41.885362+00:00", "symbol": "GOOGL", "side": "ask", "price": 150.81, "size": 131, "operation": "update"}
{"timestamp": "2025-07-28T12:09:41.927297+00:00", "symbol": "GOOGL", "side": "bid", "price": 150.84, "size": 134, "operation": "update"}
{"timestamp": "2025-07-28T12:09:41.967546+00:00", "symbol": "GOOGL", "side": "ask", "price": 150.87, "size": 137, "operation": "update"}
{"timestamp": "2025-07-28T12:09:42.008643+00:00", "symbol": "GOOGL", "side": "bid", "price": 150.9, "size": 140, "operation": "update"}
{"timestamp": "2025-07-28T12:09:42.059664+00:00", "symbol": "GOOGL", "side": "ask", "price": 150.93, "size": 143, "operation": "update"}
{"timestamp": "2025-07-28T12:09:42.099419+00:00", "symbol": "GOOGL", "side": "bid", "price": 150.96, "size": 146, "operation": "update"}
{"timestamp": "2025-07-28T12:09:42.138361+00:00", "symbol": "GOOGL", "side": "ask", "price": 150.99, "size": 149, "operation": "update"}
{"timestamp": "2025-07-28T12:09:42.181451+00:00", "symbol": "GOOGL", "side": "bid", "price": 150.02, "size": 102, "operation": "update"}
{"timestamp": "2025-07-28T12:09:42.221448+00:00", "symbol": "GOOGL", "side": "ask", "price": 150.05, "size": 105, "operation": "update"}
{"timestamp": "2025-07-28T12:09:42.261664+00:00", "symbol": "GOOGL", "side": "bid", "price": 150.08, "size": 108, "operation": "update"}
{"timestamp": "2025-07-28T12:09:42.301654+00:00", "symbol": "GOOGL", "side": "ask", "price": 150.11, "size": 111, "operation": "update"}
{"timestamp": "2025-07-28T12:09:42.340949+00:00", "symbol": "GOOGL", "side": "bid", "price": 150.14, "size": 114, "operation": "update"}
{"timestamp": "2025-07-28T12:09:42.380782+00:00", "symbol": "GOOGL", "side": "ask", "price": 150.17, "size": 117, "operation": "update"}
{"timestamp": "2025-07-28T12:09:42.422206+00:00", "symbol": "GOOGL", "side": "bid", "price": 150.2, "size": 120, "operation": "update"}
{"timestamp": "2025-07-28T12:09:42.463309+00:00", "symbol": "GOOGL", "side": "ask", "price": 150.23, "size": 123, "operation": "update"}
{"timestamp": "2025-07-28T12:09:42.502407+00:00", "symbol": "GOOGL", "side": "bid", "price": 150.26, "size": 126, "operation": "update"}
{"timestamp": "2025-07-28T12:09:42.541574+00:00", "symbol": "GOOGL", "side": "ask", "price": 150.29, "size": 129, "operation": "update"}
{"timestamp": "2025-07-28T12:09:42.581326+00:00", "symbol": "GOOGL", "side": "bid", "price": 150.32, "size": 132, "operation": "update"}
{"timestamp": "2025-07-28T12:09:42.620222+00:00", "symbol": "GOOGL", "side": "ask", "price": 150.35, "size": 135, "operation": "update"}
{"timestamp": "2025-07-28T12:09:42.661612+00:00", "symbol": "GOOGL", "side": "bid", "price": 150.38, "size": 138, "operation": "update"}
{"timestamp": "2025-07-28T12:09:42.700644+00:00", "symbol": "GOOGL", "side": "ask", "price": 150.41, "size": 141, "operation": "update"}
{"timestamp": "2025-07-28T12:09:42.739883+00:00", "symbol": "GOOGL", "side": "bid", "price": 150.44, "size": 144, "operation": "update"}
{"timestamp": "2025-07-28T12:09:42.782781+00:00", "symbol": "GOOGL", "side": "ask", "price": 150.47, "size": 147, "operation": "update"}
{"timestamp": "2025-07-28T12:09:42.822599+00:00", "symbol": "GOOGL", "side": "bid", "price": 150.5, "size": 100, "operation": "update"}
{"timestamp": "2025-07-28T12:09:42.861875+00:00", "symbol": "GOOGL", "side": "ask", "price": 150.53, "size": 103, "operation": "update"}
{"timestamp": "2025-07-28T12:09:42.902350+00:00", "symbol": "GOOGL", "side": "bid", "price": 150.56, "size": 106, "operation": "update"}
{"timestamp": "2025-07-28T12:09:42.941483+00:00", "symbol": "GOOGL", "side": "ask", "price": 150.59, "size": 109, "operation": "update"}
{"timestamp": "2025-07-28T12:09:42.981042+00:00", "symbol": "GOOGL", "side": "bid", "price": 150.62, "size": 112, "operation": "update"}
{"timestamp": "2025-07-28T12:09:43.022018+00:00", "symbol": "GOOGL", "side": "ask", "price": 150.65, "size": 115, "operation": "update"}
{"timestamp": "2025-07-28T12:09:43.063553+00:00", "symbol": "GOOGL", "side": "bid", "price": 150.68, "size": 118, "operation": "update"}
{"timestamp": "2025-07-28T12:09:43.103191+00:00", "symbol": "GOOGL", "side": "ask", "price": 150.71, "size": 121, "operation": "update"}
{"timestamp": "2025-07-28T12:09:43.144854+00:00", "symbol": "GOOGL", "side": "bid", "price": 150.74, "size": 124, "operation": "update"}
{"timestamp": "2025-07-28T12:09:43.184708+00:00", "symbol": "GOOGL", "side": "ask", "price": 150.77, "size": 127, "operation": "update"}
{"timestamp": "2025-07-28T12:09:43.225045+00:00", "symbol": "GOOGL", "side": "bid", "price": 150.8, "size": 130, "operation": "update"}
{"timestamp": "2025-07-28T12:09:43.266497+00:00", "symbol": "GOOGL", "side": "ask", "price": 150.83, "size": 133, "operation": "update"}
{"timestamp": "2025-07-28T12:09:43.306254+00:00", "symbol": "GOOGL", "side": "bid", "price": 150.86, "size": 136, "operation": "update"}
{"timestamp": "2025-07-28T12:09:43.345099+00:00", "symbol": "GOOGL", "side": "ask", "price": 150.89, "size": 139, "operation": "update"}
{"timestamp": "2025-07-28T12:09:43.385006+00:00", "symbol": "GOOGL", "side": "bid", "price": 150.92, "size": 142, "operation": "update"}
{"timestamp": "2025-07-28T12:09:43.424573+00:00", "symbol": "GOOGL", "side": "ask", "price": 150.95, "size": 145, "operation": "update"}
{"timestamp": "2025-07-28T12:09:43.464649+00:00", "symbol": "GOOGL", "side": "bid", "price": 150.98, "size": 148, "operation": "update"}
{"timestamp": "2025-07-28T12:09:43.504733+00:00", "symbol": "GOOGL", "side": "ask", "price": 150.01, "size": 101, "operation": "update"}
{"timestamp": "2025-07-28T12:09:43.544330+00:00", "symbol": "GOOGL", "side": "bid", "price": 150.04, "size": 104, "operation": "update"}
{"timestamp": "2025-07-28T12:09:43.585209+00:00", "symbol": "GOOGL", "side": "ask", "price": 150.07, "size": 107, "operation": "update"}
{"timestamp": "2025-07-28T12:09:43.625386+00:00", "symbol": "GOOGL", "side": "bid", "price": 150.1, "size": 110, "operation": "update"}
{"timestamp": "2025-07-28T12:09:43.664549+00:00", "symbol": "GOOGL", "side": "ask", "price": 150.13, "size": 113, "operation": "update"}
{"timestamp": "2025-07-28T12:09:43.703361+00:00", "symbol": "GOOGL", "side": "bid", "price": 150.16, "size": 116, "operation": "update"}
{"timestamp": "2025-07-28T12:09:43.745362+00:00", "symbol": "GOOGL", "side": "ask", "price": 150.19, "size": 119, "operation": "update"}
{"timestamp": "2025-07-28T12:09:43.784616+00:00", "symbol": "GOOGL", "side": "bid", "price": 150.22, "size": 122, "operation": "update"}
{"timestamp": "2025-07-28T12:09:43.825224+00:00", "symbol": "GOOGL", "side": "ask", "price": 150.25, "size": 125, "operation": "update"}
{"timestamp": "2025-07-28T12:09:43.865350+00:00", "symbol": "GOOGL", "side": "bid", "price": 150.28, "size": 128, "operation": "update"}
{"timestamp": "2025-07-28T12:09:43.906064+00:00", "symbol": "GOOGL", "side": "ask", "price": 150.31, "size": 131, "operation": "update"}
{"timestamp": "2025-07-28T12:09:43.945336+00:00", "symbol": "GOOGL", "side": "bid", "price": 150.34, "size": 134, "operation": "update"}
{"timestamp": "2025-07-28T12:09:43.984769+00:00", "symbol": "GOOGL", "side": "ask", "price": 150.37, "size": 137, "operation": "update"}
{"timestamp": "2025-07-28T12:09:44.024532+00:00", "symbol": "GOOGL", "side": "bid", "price": 150.4, "size": 140, "operation": "update"}
{"timestamp": "2025-07-28T12:09:44.063499+00:00", "symbol": "GOOGL", "side": "ask", "price": 150.43, "size": 143, "operation": "update"}
{"timestamp": "2025-07-28T12:09:44.104776+00:00", "symbol": "GOOGL", "side": "bid", "price": 150.46, "size": 146, "operation": "update"}
{"timestamp": "2025-07-28T12:09:44.143451+00:00", "symbol": "GOOGL", "side": "ask", "price": 150.49, "size": 149, "operation": "update"}
{"timestamp": "2025-07-28T12:09:44.183149+00:00", "symbol": "GOOGL", "side": "bid", "price": 150.52, "size": 102, "operation": "update"}
{"timestamp": "2025-07-28T12:09:44.223819+00:00", "symbol": "GOOGL", "side": "ask", "price": 150.55, "size": 105, "operation": "update"}
{"timestamp": "2025-07-28T12:09:44.270291+00:00", "symbol": "GOOGL", "side": "bid", "price": 150.58, "size": 108, "operation": "update"}
{"timestamp": "2025-07-28T12:09:44.309411+00:00", "symbol": "GOOGL", "side": "ask", "price": 150.61, "size": 111, "operation": "update"}
{"timestamp": "2025-07-28T12:09:44.349380+00:00", "symbol": "GOOGL", "side": "bid", "price": 150.64, "size": 114, "operation": "update"}
{"timestamp": "2025-07-28T12:09:44.388828+00:00", "symbol": "GOOGL", "side": "ask", "price": 150.67, "size": 117, "operation": "update"}
{"timestamp": "2025-07-28T12:09:44.429325+00:00", "symbol": "GOOGL", "side": "bid", "price": 150.7, "size": 120, "operation": "update"}
{"timestamp": "2025-07-28T12:09:44.469731+00:00", "symbol": "GOOGL", "side": "ask", "price": 150.73, "size": 123, "operation": "update"}
{"timestamp": "2025-07-28T12:09:44.511180+00:00", "symbol": "GOOGL", "side": "bid", "price": 150.76, "size": 126, "operation": "update"}
{"timestamp": "2025-07-28T12:09:44.551009+00:00", "symbol": "GOOGL", "side": "ask", "price": 150.79, "size": 129, "operation": "update"}
{"timestamp": "2025-07-28T12:09:44.591703+00:00", "symbol": "GOOGL", "side": "bid", "price": 150.82, "size": 132, "operation": "update"}
{"timestamp": "2025-07-28T12:09:44.632837+00:00", "symbol": "GOOGL", "side": "ask", "price": 150.85, "size": 135, "operation": "update"}
{"timestamp": "2025-07-28T12:09:44.673739+00:00", "symbol": "GOOGL", "side": "bid", "price": 150.88, "size": 138, "operation": "update"}
{"timestamp": "2025-07-28T12:09:44.713331+00:00", "symbol": "GOOGL", "side": "ask", "price": 150.91, "size": 141, "operation": "update"}
{"timestamp": "2025-07-28T12:09:44.752483+00:00", "symbol": "GOOGL", "side": "bid", "price": 150.94, "size": 144, "operation": "update"}
{"timestamp": "2025-07-28T12:09:44.791601+00:00", "symbol": "GOOGL", "side": "ask", "price": 150.97, "size": 147, "operation": "update"}
{"timestamp": "2025-07-28T12:09:44.832839+00:00", "symbol": "GOOGL", "side": "bid", "price": 150.0, "size": 100, "operation": "update"}
{"timestamp": "2025-07-28T12:09:44.872663+00:00", "symbol": "GOOGL", "side": "ask", "price": 150.03, "size": 103, "operation": "update"}
{"timestamp": "2025-07-28T12:09:44.912347+00:00", "symbol": "GOOGL", "side": "bid", "price": 150.06, "size": 106, "operation": "update"}
{"timestamp": "2025-07-28T12:09:44.952803+00:00", "symbol": "GOOGL", "side": "ask", "price": 150.09, "size": 109, "operation": "update"}
{"timestamp": "2025-07-28T12:09:44.992347+00:00", "symbol": "GOOGL", "side": "bid", "price": 150.12, "size": 112, "operation": "update"}
{"timestamp": "2025-07-28T12:09:45.033376+00:00", "symbol": "GOOGL", "side": "ask", "price": 150.15, "size": 115, "operation": "update"}
{"timestamp": "2025-07-28T12:09:45.075764+00:00", "symbol": "GOOGL", "side": "bid", "price": 150.18, "size": 118, "operation": "update"}
{"timestamp": "2025-07-28T12:09:45.115636+00:00", "symbol": "GOOGL", "side": "ask", "price": 150.21, "size": 121, "operation": "update"}
{"timestamp": "2025-07-28T12:09:45.155953+00:00", "symbol": "GOOGL", "side": "bid", "price": 150.24, "size": 124, "operation": "update"}
{"timestamp": "2025-07-28T12:09:45.195067+00:00", "symbol": "GOOGL", "side": "ask", "price": 150.27, "size": 127, "operation": "update"}
{"timestamp": "2025-07-28T12:09:45.234745+00:00", "symbol": "GOOGL", "side": "bid", "price": 150.3, "size": 130, "operation": "update"}
{"timestamp": "2025-07-28T12:09:45.275802+00:00", "symbol": "GOOGL", "side": "ask", "price": 150.33, "size": 133, "operation": "update"}
{"timestamp": "2025-07-28T12:09:45.315956+00:00", "symbol": "GOOGL", "side": "bid", "price": 150.36, "size": 136, "operation": "update"}
{"timestamp": "2025-07-28T12:09:45.355625+00:00", "symbol": "GOOGL", "side": "ask", "price": 150.39, "size": 139, "operation": "update"}
{"timestamp": "2025-07-28T12:09:45.395394+00:00", "symbol": "GOOGL", "side": "bid", "price": 150.42, "size": 142, "operation": "update"}
{"timestamp": "2025-07-28T12:09:45.435252+00:00", "symbol": "GOOGL", "side": "ask", "price": 150.45, "size": 145, "operation": "update"}
{"timestamp": "2025-07-28T12:09:45.474465+00:00", "symbol": "GOOGL", "side": "bid", "price": 150.48, "size": 148, "operation": "update"}
{"timestamp": "2025-07-28T12:09:45.513532+00:00", "symbol": "GOOGL", "side": "ask", "price": 150.51, "size": 101, "operation": "update"}
{"timestamp": "2025-07-28T12:09:45.554479+00:00", "symbol": "GOOGL", "side": "bid", "price": 150.54, "size": 104, "operation": "update"}
{"timestamp": "2025-07-28T12:09:45.594989+00:00", "symbol": "GOOGL", "side": "ask", "price": 150.57, "size": 107, "operation": "update"}
{"timestamp": "2025-07-28T12:09:45.634206+00:00", "symbol": "GOOGL", "side": "bid", "price": 150.6, "size": 110, "operation": "update"}
{"timestamp": "2025-07-28T12:09:45.674013+00:00", "symbol": "GOOGL", "side": "ask", "price": 150.63, "size": 113, "operation": "update"}
{"timestamp": "2025-07-28T12:09:45.713346+00:00", "symbol": "GOOGL", "side": "bid", "price": 150.66, "size": 116, "operation": "update"}
{"timestamp": "2025-07-28T12:09:45.752735+00:00", "symbol": "GOOGL", "side": "ask", "price": 150.69, "size": 119, "operation": "update"}
{"timestamp": "2025-07-28T12:09:45.792949+00:00", "symbol": "GOOGL", "side": "bid", "price": 150.72, "size": 122, "operation": "update"}
{"timestamp": "2025-07-28T12:09:45.833515+00:00", "symbol": "GOOGL", "side": "ask", "price": 150.75, "size": 125, "operation": "update"}
{"timestamp": "2025-07-28T12:09:45.872672+00:00", "symbol": "GOOGL", "side": "bid", "price": 150.78, "size": 128, "operation": "update"}
{"timestamp": "2025-07-28T12:09:45.913266+00:00", "symbol": "GOOGL", "side": "ask", "price": 150.81, "size": 131, "operation": "update"}
{"timestamp": "2025-07-28T12:09:45.954828+00:00", "symbol": "GOOGL", "side": "bid", "price": 150.84, "size": 134, "operation": "update"}
{"timestamp": "2025-07-28T12:09:45.994413+00:00", "symbol": "GOOGL", "side": "ask", "price": 150.87, "size": 137, "operation": "update"}
{"timestamp": "2025-07-28T12:09:46.034418+00:00", "symbol": "GOOGL", "side": "bid", "price": 150.9, "size": 140, "operation": "update"}
{"timestamp": "2025-07-28T12:09:46.073711+00:00", "symbol": "GOOGL", "side": "ask", "price": 150.93, "size": 143, "operation": "update"}
{"timestamp": "2025-07-28T12:09:46.113516+00:00", "symbol": "GOOGL", "side": "bid", "price": 150.96, "size": 146, "operation": "update"}
{"timestamp": "2025-07-28T12:09:46.152834+00:00", "symbol": "GOOGL", "side": "ask", "price": 150.99, "size": 149, "operation": "update"}
{"timestamp": "2025-07-28T12:09:46.192916+00:00", "symbol": "GOOGL", "side": "bid", "price": 150.02, "size": 102, "operation": "update"}
{"timestamp": "2025-07-28T12:09:46.233345+00:00", "symbol": "GOOGL", "side": "ask", "price": 150.05, "size": 105, "operation": "update"}
{"timestamp": "2025-07-28T12:09:46.273910+00:00", "symbol": "GOOGL", "side": "bid", "price": 150.08, "size": 108, "operation": "update"}
{"timestamp": "2025-07-28T12:09:46.313678+00:00", "symbol": "GOOGL", "side": "ask", "price": 150.11, "size": 111, "operation": "update"}
{"timestamp": "2025-07-28T12:09:46.354156+00:00", "symbol": "GOOGL", "side": "bid", "price": 150.14, "size": 114, "operation": "update"}
{"timestamp": "2025-07-28T12:09:46.395238+00:00", "symbol": "GOOGL", "side": "ask", "price": 150.17, "size": 117, "operation": "update"}
{"timestamp": "2025-07-28T12:09:46.436369+00:00", "symbol": "GOOGL", "side": "bid", "price": 150.2, "size": 120, "operation": "update"}
{"timestamp": "2025-07-28T12:09:46.476616+00:00", "symbol": "GOOGL", "side": "ask", "price": 150.23, "size": 123, "operation": "update"}
{"timestamp": "2025-07-28T12:09:46.517214+00:00", "symbol": "GOOGL", "side": "bid", "price": 150.26, "size": 126, "operation": "update"}
{"timestamp": "2025-07-28T12:09:46.559325+00:00", "symbol": "GOOGL", "side": "ask", "price": 150.29, "size": 129, "operation": "update"}
{"timestamp": "2025-07-28T12:09:46.600586+00:00", "symbol": "GOOGL", "side": "bid", "price": 150.32, "size": 132, "operation": "update"}
{"timestamp": "2025-07-28T12:09:46.640738+00:00", "symbol": "GOOGL", "side": "ask", "price": 150.35, "size": 135, "operation": "update"}
{"timestamp": "2025-07-28T12:09:46.681236+00:00", "symbol": "GOOGL", "side": "bid", "price": 150.38, "size": 138, "operation": "update"}
{"timestamp": "2025-07-28T12:09:46.721876+00:00", "symbol": "GOOGL", "side": "ask", "price": 150.41, "size": 141, "operation": "update"}
{"timestamp": "2025-07-28T12:09:46.764654+00:00", "symbol": "GOOGL", "side": "bid", "price": 150.44, "size": 144, "operation": "update"}
{"timestamp": "2025-07-28T12:09:46.804521+00:00", "symbol": "GOOGL", "side": "ask", "price": 150.47, "size": 147, "operation": "update"}
{"timestamp": "2025-07-28T12:09:46.844398+00:00", "symbol": "GOOGL", "side": "bid", "price": 150.5, "size": 100, "operation": "update"}
{"timestamp": "2025-07-28T12:09:46.884086+00:00", "symbol": "GOOGL", "side": "ask", "price": 150.53, "size": 103, "operation": "update"}
{"timestamp": "2025-07-28T12:09:46.923727+00:00", "symbol": "GOOGL", "side": "bid", "price": 150.56, "size": 106, "operation": "update"}
{"timestamp": "2025-07-28T12:09:46.963273+00:00", "symbol": "GOOGL", "side": "ask", "price": 150.59, "size": 109, "operation": "update"}
{"timestamp": "2025-07-28T12:09:47.003852+00:00", "symbol": "GOOGL", "side": "bid", "price": 150.62, "size": 112, "operation": "update"}
{"timestamp": "2025-07-28T12:09:47.043677+00:00", "symbol": "GOOGL", "side": "ask", "price": 150.65, "size": 115, "operation": "update"}
{"timestamp": "2025-07-28T12:09:47.084817+00:00", "symbol": "GOOGL", "side": "bid", "price": 150.68, "size": 118, "operation": "update"}
{"timestamp": "2025-07-28T12:09:47.124572+00:00", "symbol": "GOOGL", "side": "ask", "price": 150.71, "size": 121, "operation": "update"}
{"timestamp": "2025-07-28T12:09:47.164117+00:00", "symbol": "GOOGL", "side": "bid", "price": 150.74, "size": 124, "operation": "update"}
{"timestamp": "2025-07-28T12:09:47.203952+00:00", "symbol": "GOOGL", "side": "ask", "price": 150.77, "size": 127, "operation": "update"}
{"timestamp": "2025-07-28T12:09:47.246989+00:00", "symbol": "GOOGL", "side": "bid", "price": 150.8, "size": 130, "operation": "update"}
{"timestamp": "2025-07-28T12:09:47.287972+00:00", "symbol": "GOOGL", "side": "ask", "price": 150.83, "size": 133, "operation": "update"}
{"timestamp": "2025-07-28T12:09:47.328685+00:00", "symbol": "GOOGL", "side": "bid", "price": 150.86, "size": 136, "operation": "update"}
{"timestamp": "2025-07-28T12:09:47.369055+00:00", "symbol": "GOOGL", "side": "ask", "price": 150.89, "size": 139, "operation": "update"}
{"timestamp": "2025-07-28T12:09:47.408749+00:00", "symbol": "GOOGL", "side": "bid", "price": 150.92, "size": 142, "operation": "update"}
{"timestamp": "2025-07-28T12:09:47.447646+00:00", "symbol": "GOOGL", "side": "ask", "price": 150.95, "size": 145, "operation": "update"}
{"timestamp": "2025-07-28T12:09:47.488337+00:00", "symbol": "GOOGL", "side": "bid", "price": 150.98, "size": 148, "operation": "update"}
{"timestamp": "2025-07-28T12:09:47.527441+00:00", "symbol": "GOOGL", "side": "ask", "price": 150.01, "size": 101, "operation": "update"}
{"timestamp": "2025-07-28T12:09:47.568453+00:00", "symbol": "GOOGL", "side": "bid", "price": 150.04, "size": 104, "operation": "update"}
{"timestamp": "2025-07-28T12:09:47.608255+00:00", "symbol": "GOOGL", "side": "ask", "price": 150.07, "size": 107, "operation": "update"}
{"timestamp": "2025-07-28T12:09:47.648485+00:00", "symbol": "GOOGL", "side": "bid", "price": 150.1, "size": 110, "operation": "update"}
{"timestamp": "2025-07-28T12:09:47.687678+00:00", "symbol": "GOOGL", "side": "ask", "price": 150.13, "size": 113, "operation": "update"}
{"timestamp": "2025-07-28T12:09:47.729701+00:00", "symbol": "GOOGL", "side": "bid", "price": 150.16, "size": 116, "operation": "update"}
{"timestamp": "2025-07-28T12:09:47.769084+00:00", "symbol": "GOOGL", "side": "ask", "price": 150.19, "size": 119, "operation": "update"}
{"timestamp": "2025-07-28T12:09:47.808845+00:00", "symbol": "GOOGL", "side": "bid", "price": 150.22, "size": 122, "operation": "update"}
{"timestamp": "2025-07-28T12:09:47.848737+00:00", "symbol": "GOOGL", "side": "ask", "price": 150.25, "size": 125, "operation": "update"}
{"timestamp": "2025-07-28T12:09:47.887877+00:00", "symbol": "GOOGL", "side": "bid", "price": 150.28, "size": 128, "operation": "update"}
{"timestamp": "2025-07-28T12:09:47.927651+00:00", "symbol": "GOOGL", "side": "ask", "price": 150.31, "size": 131, "operation": "update"}
{"timestamp": "2025-07-28T12:09:47.967938+00:00", "symbol": "GOOGL", "side": "bid", "price": 150.34, "size": 134, "operation": "update"}
{"timestamp": "2025-07-28T12:09:48.010874+00:00", "symbol": "GOOGL", "side": "ask", "price": 150.37, "size": 137, "operation": "update"}
{"timestamp": "2025-07-28T12:09:48.049837+00:00", "symbol": "GOOGL", "side": "bid", "price": 150.4, "size": 140, "operation": "update"}
{"timestamp": "2025-07-28T12:09:48.090135+00:00", "symbol": "GOOGL", "side": "ask", "price": 150.43, "size": 143, "operation": "update"}
{"timestamp": "2025-07-28T12:09:48.130398+00:00", "symbol": "GOOGL", "side": "bid", "price": 150.46, "size": 146, "operation": "update"}
{"timestamp": "2025-07-28T12:09:48.171370+00:00", "symbol": "GOOGL", "side": "ask", "price": 150.49, "size": 149, "operation": "update"}
{"timestamp": "2025-07-28T12:09:48.213549+00:00", "symbol": "GOOGL", "side": "bid", "price": 150.52, "size": 102, "operation": "update"}
{"timestamp": "2025-07-28T12:09:48.252971+00:00", "symbol": "GOOGL", "side": "ask", "price": 150.55, "size": 105, "operation": "update"}
{"timestamp": "2025-07-28T12:09:48.292085+00:00", "symbol": "GOOGL", "side": "bid", "price": 150.58, "size": 108, "operation": "update"}
{"timestamp": "2025-07-28T12:09:48.332072+00:00", "symbol": "GOOGL", "side": "ask", "price": 150.61, "size": 111, "operation": "update"}
{"timestamp": "2025-07-28T12:09:48.371648+00:00", "symbol": "GOOGL", "side": "bid", "price": 150.64, "size": 114, "operation": "update"}
{"timestamp": "2025-07-28T12:09:48.411238+00:00", "symbol": "GOOGL", "side": "ask", "price": 150.67, "size": 117, "operation": "update"}
{"timestamp": "2025-07-28T12:09:48.451750+00:00", "symbol": "GOOGL", "side": "bid", "price": 150.7, "size": 120, "operation": "update"}
{"timestamp": "2025-07-28T12:09:48.490946+00:00", "symbol": "GOOGL", "side": "ask", "price": 150.73, "size": 123, "operation": "update"}
{"timestamp": "2025-07-28T12:09:48.533313+00:00", "symbol": "GOOGL", "side": "bid", "price": 150.76, "size": 126, "operation": "update"}
{"timestamp": "2025-07-28T12:09:48.573105+00:00", "symbol": "GOOGL", "side": "ask", "price": 150.79, "size": 129, "operation": "update"}
{"timestamp": "2025-07-28T12:09:48.615465+00:00", "symbol": "GOOGL", "side": "bid", "price": 150.82, "size": 132, "operation": "update"}
{"timestamp": "2025-07-28T12:09:48.654422+00:00", "symbol": "GOOGL", "side": "ask", "price": 150.85, "size": 135, "operation": "update"}
{"timestamp": "2025-07-28T12:09:48.696487+00:00", "symbol": "GOOGL", "side": "bid", "price": 150.88, "size": 138, "operation": "update"}
{"timestamp": "2025-07-28T12:09:48.736422+00:00", "symbol": "GOOGL", "side": "ask", "price": 150.91, "size": 141, "operation": "update"}
{"timestamp": "2025-07-28T12:09:48.775760+00:00", "symbol": "GOOGL", "side": "bid", "price": 150.94, "size": 144, "operation": "update"}
{"timestamp": "2025-07-28T12:09:48.816509+00:00", "symbol": "GOOGL", "side": "ask", "price": 150.97, "size": 147, "operation": "update"}
{"timestamp": "2025-07-28T12:09:48.855573+00:00", "symbol": "GOOGL", "side": "bid", "price": 150.0, "size": 100, "operation": "update"}
{"timestamp": "2025-07-28T12:09:48.894991+00:00", "symbol": "GOOGL", "side": "ask", "price": 150.03, "size": 103, "operation": "update"}
{"timestamp": "2025-07-28T12:09:48.936229+00:00", "symbol": "GOOGL", "side": "bid", "price": 150.06, "size": 106, "operation": "update"}
{"timestamp": "2025-07-28T12:09:48.975722+00:00", "symbol": "GOOGL", "side": "ask", "price": 150.09, "size": 109, "operation": "update"}
{"timestamp": "2025-07-28T12:09:49.015475+00:00", "symbol": "GOOGL", "side": "bid", "price": 150.12, "size": 112, "operation": "update"}
{"timestamp": "2025-07-28T12:09:49.054600+00:00", "symbol": "GOOGL", "side": "ask", "price": 150.15, "size": 115, "operation": "update"}
{"timestamp": "2025-07-28T12:09:49.094187+00:00", "symbol": "GOOGL", "side": "bid", "price": 150.18, "size": 118, "operation": "update"}
{"timestamp": "2025-07-28T12:09:49.133667+00:00", "symbol": "GOOGL", "side": "ask", "price": 150.21, "size": 121, "operation": "update"}
{"timestamp": "2025-07-28T12:09:49.174181+00:00", "symbol": "GOOGL", "side": "bid", "price": 150.24, "size": 124, "operation": "update"}
{"timestamp": "2025-07-28T12:09:49.214954+00:00", "symbol": "GOOGL", "side": "ask", "price": 150.27, "size": 127, "operation": "update"}
{"timestamp": "2025-07-28T12:09:49.256359+00:00", "symbol": "GOOGL", "side": "bid", "price": 150.3, "size": 130, "operation": "update"}
{"timestamp": "2025-07-28T12:09:49.299850+00:00", "symbol": "GOOGL", "side": "ask", "price": 150.33, "size": 133, "operation": "update"}
{"timestamp": "2025-07-28T12:09:49.342566+00:00", "symbol": "GOOGL", "side": "bid", "price": 150.36, "size": 136, "operation": "update"}
{"timestamp": "2025-07-28T12:09:49.384746+00:00", "symbol": "GOOGL", "side": "ask", "price": 150.39, "size": 139, "operation": "update"}
{"timestamp": "2025-07-28T12:09:49.425549+00:00", "symbol": "GOOGL", "side": "bid", "price": 150.42, "size": 142, "operation": "update"}
{"timestamp": "2025-07-28T12:09:49.465381+00:00", "symbol": "GOOGL", "side": "ask", "price": 150.45, "size": 145, "operation": "update"}
{"timestamp": "2025-07-28T12:09:49.504560+00:00", "symbol": "GOOGL", "side": "bid", "price": 150.48, "size": 148, "operation": "update"}
{"timestamp": "2025-07-28T12:09:49.546615+00:00", "symbol": "GOOGL", "side": "ask", "price": 150.51, "size": 101, "operation": "update"}
{"timestamp": "2025-07-28T12:09:49.587642+00:00", "symbol": "GOOGL", "side": "bid", "price": 150.54, "size": 104, "operation": "update"}
{"timestamp": "2025-07-28T12:09:49.627773+00:00", "symbol": "GOOGL", "side": "ask", "price": 150.57, "size": 107, "operation": "update"}
{"timestamp": "2025-07-28T12:09:49.669758+00:00", "symbol": "GOOGL", "side": "bid", "price": 150.6, "size": 110, "operation": "update"}
{"timestamp": "2025-07-28T12:09:49.709852+00:00", "symbol": "GOOGL", "side": "ask", "price": 150.63, "size": 113, "operation": "update"}
{"timestamp": "2025-07-28T12:09:49.748721+00:00", "symbol": "GOOGL", "side": "bid", "price": 150.66, "size": 116, "operation": "update"}
{"timestamp": "2025-07-28T12:09:49.789577+00:00", "symbol": "GOOGL", "side": "ask", "price": 150.69, "size": 119, "operation": "update"}
{"timestamp": "2025-07-28T12:09:49.828422+00:00", "symbol": "GOOGL", "side": "bid", "price": 150.72, "size": 122, "operation": "update"}
{"timestamp": "2025-07-28T12:09:49.868106+00:00", "symbol": "GOOGL", "side": "ask", "price": 150.75, "size": 125, "operation": "update"}
{"timestamp": "2025-07-28T12:09:49.910898+00:00", "symbol": "GOOGL", "side": "bid", "price": 150.78, "size": 128, "operation": "update"}
{"timestamp": "2025-07-28T12:09:49.950332+00:00", "symbol": "GOOGL", "side": "ask", "price": 150.81, "size": 131, "operation": "update"}
{"timestamp": "2025-07-28T12:09:49.990038+00:00", "symbol": "GOOGL", "side": "bid", "price": 150.84, "size": 134, "operation": "update"}
{"timestamp": "2025-07-28T12:09:50.030537+00:00", "symbol": "GOOGL", "side": "ask", "price": 150.87, "size": 137, "operation": "update"}
{"timestamp": "2025-07-28T12:09:50.070637+00:00", "symbol": "GOOGL", "side": "bid", "price": 150.9, "size": 140, "operation": "update"}
{"timestamp": "2025-07-28T12:09:50.109785+00:00", "symbol": "GOOGL", "side": "ask", "price": 150.93, "size": 143, "operation": "update"}
{"timestamp": "2025-07-28T12:09:50.150613+00:00", "symbol": "GOOGL", "side": "bid", "price": 150.96, "size": 146, "operation": "update"}
{"timestamp": "2025-07-28T12:09:50.190945+00:00", "symbol": "GOOGL", "side": "ask", "price": 150.99, "size": 149, "operation": "update"}
{"timestamp": "2025-07-28T12:09:50.229916+00:00", "symbol": "GOOGL", "side": "bid", "price": 150.02, "size": 102, "operation": "update"}
{"timestamp": "2025-07-28T12:09:50.270665+00:00", "symbol": "GOOGL", "side": "ask", "price": 150.05, "size": 105, "operation": "update"}
{"timestamp": "2025-07-28T12:09:50.311255+00:00", "symbol": "GOOGL", "side": "bid", "price": 150.08, "size": 108, "operation": "update"}
{"timestamp": "2025-07-28T12:09:50.350515+00:00", "symbol": "GOOGL", "side": "ask", "price": 150.11, "size": 111, "operation": "update"}
{"timestamp": "2025-07-28T12:09:50.393281+00:00", "symbol": "GOOGL", "side": "bid", "price": 150.14, "size": 114, "operation": "update"}
{"timestamp": "2025-07-28T12:09:50.433278+00:00", "symbol": "GOOGL", "side": "ask", "price": 150.17, "size": 117, "operation": "update"}
{"timestamp": "2025-07-28T12:09:50.473715+00:00", "symbol": "GOOGL", "side": "bid", "price": 150.2, "size": 120, "operation": "update"}
{"timestamp": "2025-07-28T12:09:50.513460+00:00", "symbol": "GOOGL", "side": "ask", "price": 150.23, "size": 123, "operation": "update"}
{"timestamp": "2025-07-28T12:09:50.553456+00:00", "symbol": "GOOGL", "side": "bid", "price": 150.26, "size": 126, "operation": "update"}
{"timestamp": "2025-07-28T12:09:50.593744+00:00", "symbol": "GOOGL", "side": "ask", "price": 150.29, "size": 129, "operation": "update"}
{"timestamp": "2025-07-28T12:09:50.634727+00:00", "symbol": "GOOGL", "side": "bid", "price": 150.32, "size": 132, "operation": "update"}
{"timestamp": "2025-07-28T12:09:50.675833+00:00", "symbol": "GOOGL", "side": "ask", "price": 150.35, "size": 135, "operation": "update"}
{"timestamp": "2025-07-28T12:09:50.716541+00:00", "symbol": "GOOGL", "side": "bid", "price": 150.38, "size": 138, "operation": "update"}
{"timestamp": "2025-07-28T12:09:50.756313+00:00", "symbol": "GOOGL", "side": "ask", "price": 150.41, "size": 141, "operation": "update"}
{"timestamp": "2025-07-28T12:09:50.795863+00:00", "symbol": "GOOGL", "side": "bid", "price": 150.44, "size": 144, "operation": "update"}
{"timestamp": "2025-07-28T12:09:50.835288+00:00", "symbol": "GOOGL", "side": "ask", "price": 150.47, "size": 147, "operation": "update"}
{"timestamp": "2025-07-28T12:09:50.876427+00:00", "symbol": "GOOGL", "side": "bid", "price": 150.5, "size": 100, "operation": "update"}
{"timestamp": "2025-07-28T12:09:50.915819+00:00", "symbol": "GOOGL", "side": "ask", "price": 150.53, "size": 103, "operation": "update"}
{"timestamp": "2025-07-28T12:09:50.955042+00:00", "symbol": "GOOGL", "side": "bid", "price": 150.56, "size": 106, "operation": "update"}
{"timestamp": "2025-07-28T12:09:50.994630+00:00", "symbol": "GOOGL", "side": "ask", "price": 150.59, "size": 109, "operation": "update"}
{"timestamp": "2025-07-28T12:09:51.034688+00:00", "symbol": "GOOGL", "side": "bid", "price": 150.62, "size": 112, "operation": "update"}
{"timestamp": "2025-07-28T12:09:51.073874+00:00", "symbol": "GOOGL", "side": "ask", "price": 150.65, "size": 115, "operation": "update"}
{"timestamp": "2025-07-28T12:09:51.114215+00:00", "symbol": "GOOGL", "side": "bid", "price": 150.68, "size": 118, "operation": "update"}
{"timestamp": "2025-07-28T12:09:51.154703+00:00", "symbol": "GOOGL", "side": "ask", "price": 150.71, "size": 121, "operation": "update"}
{"timestamp": "2025-07-28T12:09:51.195181+00:00", "symbol": "GOOGL", "side": "bid", "price": 150.74, "size": 124, "operation": "update"}
{"timestamp": "2025-07-28T12:09:51.234702+00:00", "symbol": "GOOGL", "side": "ask", "price": 150.77, "size": 127, "operation": "update"}
{"timestamp": "2025-07-28T12:09:51.274058+00:00", "symbol": "GOOGL", "side": "bid", "price": 150.8, "size": 130, "operation": "update"}
{"timestamp": "2025-07-28T12:09:51.314626+00:00", "symbol": "GOOGL", "side": "ask", "price": 150.83, "size": 133, "operation": "update"}
{"timestamp": "2025-07-28T12:09:51.354225+00:00", "symbol": "GOOGL", "side": "bid", "price": 150.86, "size": 136, "operation": "update"}
{"timestamp": "2025-07-28T12:09:51.394149+00:00", "symbol": "GOOGL", "side": "ask", "price": 150.89, "size": 139, "operation": "update"}
{"timestamp": "2025-07-28T12:09:51.435098+00:00", "symbol": "GOOGL", "side": "bid", "price": 150.92, "size": 142, "operation": "update"}
{"timestamp": "2025-07-28T12:09:51.479019+00:00", "symbol": "GOOGL", "side": "ask", "price": 150.95, "size": 145, "operation": "update"}
{"timestamp": "2025-07-28T12:09:51.517831+00:00", "symbol": "GOOGL", "side": "bid", "price": 150.98, "size": 148, "operation": "update"}
{"timestamp": "2025-07-28T12:09:51.558203+00:00", "symbol": "GOOGL", "side": "ask", "price": 150.01, "size": 101, "operation": "update"}
{"timestamp": "2025-07-28T12:09:51.600038+00:00", "symbol": "GOOGL", "side": "bid", "price": 150.04, "size": 104, "operation": "update"}
{"timestamp": "2025-07-28T12:09:51.640682+00:00", "symbol": "GOOGL", "side": "ask", "price": 150.07, "size": 107, "operation": "update"}
{"timestamp": "2025-07-28T12:09:51.679942+00:00", "symbol": "GOOGL", "side": "bid", "price": 150.1, "size": 110, "operation": "update"}
{"timestamp": "2025-07-28T12:09:51.720211+00:00", "symbol": "GOOGL", "side": "ask", "price": 150.13, "size": 113, "operation": "update"}
{"timestamp": "2025-07-28T12:09:51.759741+00:00", "symbol": "GOOGL", "side": "bid", "price": 150.16, "size": 116, "operation": "update"}
{"timestamp": "2025-07-28T12:09:51.799651+00:00", "symbol": "GOOGL", "side": "ask", "price": 150.19, "size": 119, "operation": "update"}
{"timestamp": "2025-07-28T12:09:51.841128+00:00", "symbol": "GOOGL", "side": "bid", "price": 150.22, "size": 122, "operation": "update"}
{"timestamp": "2025-07-28T12:09:51.880670+00:00", "symbol": "GOOGL", "side": "ask", "price": 150.25, "size": 125, "operation": "update"}
{"timestamp": "2025-07-28T12:09:51.921895+00:00", "symbol": "GOOGL", "side": "bid", "price": 150.28, "size": 128, "operation": "update"}
{"timestamp": "2025-07-28T12:09:51.963596+00:00", "symbol": "GOOGL", "side": "ask", "price": 150.31, "size": 131, "operation": "update"}
{"timestamp": "2025-07-28T12:09:52.008262+00:00", "symbol": "GOOGL", "side": "bid", "price": 150.34, "size": 134, "operation": "update"}
{"timestamp": "2025-07-28T12:09:52.052090+00:00", "symbol": "GOOGL", "side": "ask", "price": 150.37, "size": 137, "operation": "update"}
{"timestamp": "2025-07-28T12:09:52.093829+00:00", "symbol": "GOOGL", "side": "bid", "price": 150.4, "size": 140, "operation": "update"}
{"timestamp": "2025-07-28T12:09:52.134547+00:00", "symbol": "GOOGL", "side": "ask", "price": 150.43, "size": 143, "operation": "update"}
{"timestamp": "2025-07-28T12:09:52.175321+00:00", "symbol": "GOOGL", "side": "bid", "price": 150.46, "size": 146, "operation": "update"}
{"timestamp": "2025-07-28T12:09:52.217037+00:00", "symbol": "GOOGL", "side": "ask", "price": 150.49, "size": 149, "operation": "update"}
{"timestamp": "2025-07-28T12:09:52.256928+00:00", "symbol": "GOOGL", "side": "bid", "price": 150.52, "size": 102, "operation": "update"}
{"timestamp": "2025-07-28T12:09:52.299103+00:00", "symbol": "GOOGL", "side": "ask", "price": 150.55, "size": 105, "operation": "update"}
{"timestamp": "2025-07-28T12:09:52.338748+00:00", "symbol": "GOOGL", "side": "bid", "price": 150.58, "size": 108, "operation": "update"}
{"timestamp": "2025-07-28T12:09:52.377790+00:00", "symbol": "GOOGL", "side": "ask", "price": 150.61, "size": 111, "operation": "update"}
{"timestamp": "2025-07-28T12:09:52.421111+00:00", "symbol": "GOOGL", "side": "bid", "price": 150.64, "size": 114, "operation": "update"}
{"timestamp": "2025-07-28T12:09:52.460439+00:00", "symbol": "GOOGL", "side": "ask", "price": 150.67, "size": 117, "operation": "update"}
{"timestamp": "2025-07-28T12:09:52.500458+00:00", "symbol": "GOOGL", "side": "bid", "price": 150.7, "size": 120, "operation": "update"}
{"timestamp": "2025-07-28T12:09:52.540869+00:00", "symbol": "GOOGL", "side": "ask", "price": 150.73, "size": 123, "operation": "update"}
{"timestamp": "2025-07-28T12:09:52.581559+00:00", "symbol": "GOOGL", "side": "bid", "price": 150.76, "size": 126, "operation": "update"}
{"timestamp": "2025-07-28T12:09:52.621746+00:00", "symbol": "GOOGL", "side": "ask", "price": 150.79, "size": 129, "operation": "update"}
{"timestamp": "2025-07-28T12:09:52.663494+00:00", "symbol": "GOOGL", "side": "bid", "price": 150.82, "size": 132, "operation": "update"}
{"timestamp": "2025-07-28T12:09:52.703315+00:00", "symbol": "GOOGL", "side": "ask", "price": 150.85, "size": 135, "operation": "update"}
{"timestamp": "2025-07-28T12:09:52.742419+00:00", "symbol": "GOOGL", "side": "bid", "price": 150.88, "size": 138, "operation": "update"}
{"timestamp": "2025-07-28T12:09:52.783788+00:00", "symbol": "GOOGL", "side": "ask", "price": 150.91, "size": 141, "operation": "update"}
{"timestamp": "2025-07-28T12:09:52.822844+00:00", "symbol": "GOOGL", "side": "bid", "price": 150.94, "size": 144, "operation": "update"}
{"timestamp": "2025-07-28T12:09:52.861717+00:00", "symbol": "GOOGL", "side": "ask", "price": 150.97, "size": 147, "operation": "update"}
{"timestamp": "2025-07-28T12:09:52.902805+00:00", "symbol": "GOOGL", "side": "bid", "price": 150.0, "size": 100, "operation": "update"}
{"timestamp": "2025-07-28T12:09:52.942511+00:00", "symbol": "GOOGL", "side": "ask", "price": 150.03, "size": 103, "operation": "update"}
{"timestamp": "2025-07-28T12:09:52.981779+00:00", "symbol": "GOOGL", "side": "bid", "price": 150.06, "size": 106, "operation": "update"}
{"timestamp": "2025-07-28T12:09:53.022058+00:00", "symbol": "GOOGL", "side": "ask", "price": 150.09, "size": 109, "operation": "update"}
{"timestamp": "2025-07-28T12:09:53.061253+00:00", "symbol": "GOOGL", "side": "bid", "price": 150.12, "size": 112, "operation": "update"}
{"timestamp": "2025-07-28T12:09:53.100644+00:00", "symbol": "GOOGL", "side": "ask", "price": 150.15, "size": 115, "operation": "update"}
{"timestamp": "2025-07-28T12:09:53.140688+00:00", "symbol": "GOOGL", "side": "bid", "price": 150.18, "size": 118, "operation": "update"}
{"timestamp": "2025-07-28T12:09:53.180407+00:00", "symbol": "GOOGL", "side": "ask", "price": 150.21, "size": 121, "operation": "update"}
{"timestamp": "2025-07-28T12:09:53.219166+00:00", "symbol": "GOOGL", "side": "bid", "price": 150.24, "size": 124, "operation": "update"}
{"timestamp": "2025-07-28T12:09:53.260784+00:00", "symbol": "GOOGL", "side": "ask", "price": 150.27, "size": 127, "operation": "update"}
{"timestamp": "2025-07-28T12:09:53.301317+00:00", "symbol": "GOOGL", "side": "bid", "price": 150.3, "size": 130, "operation": "update"}
{"timestamp": "2025-07-28T12:09:53.340719+00:00", "symbol": "GOOGL", "side": "ask", "price": 150.33, "size": 133, "operation": "update"}
{"timestamp": "2025-07-28T12:09:53.380185+00:00", "symbol": "GOOGL", "side": "bid", "price": 150.36, "size": 136, "operation": "update"}
{"timestamp": "2025-07-28T12:09:53.418966+00:00", "symbol": "GOOGL", "side": "ask", "price": 150.39, "size": 139, "operation": "update"}
{"timestamp": "2025-07-28T12:09:53.459666+00:00", "symbol": "GOOGL", "side": "bid", "price": 150.42, "size": 142, "operation": "update"}
{"timestamp": "2025-07-28T12:09:53.501627+00:00", "symbol": "GOOGL", "side": "ask", "price": 150.45, "size": 145, "operation": "update"}
{"timestamp": "2025-07-28T12:09:53.543349+00:00", "symbol": "GOOGL", "side": "bid", "price": 150.48, "size": 148, "operation": "update"}
{"timestamp": "2025-07-28T12:09:53.583071+00:00", "symbol": "GOOGL", "side": "ask", "price": 150.51, "size": 101, "operation": "update"}
{"timestamp": "2025-07-28T12:09:53.622911+00:00", "symbol": "GOOGL", "side": "bid", "price": 150.54, "size": 104, "operation": "update"}
{"timestamp": "2025-07-28T12:09:53.662865+00:00", "symbol": "GOOGL", "side": "ask", "price": 150.57, "size": 107, "operation": "update"}
{"timestamp": "2025-07-28T12:09:53.702783+00:00", "symbol": "GOOGL", "side": "bid", "price": 150.6, "size": 110, "operation": "update"}
{"timestamp": "2025-07-28T12:09:53.743307+00:00", "symbol": "GOOGL", "side": "ask", "price": 150.63, "size": 113, "operation": "update"}
{"timestamp": "2025-07-28T12:09:53.782276+00:00", "symbol": "GOOGL", "side": "bid", "price": 150.66, "size": 116, "operation": "update"}
{"timestamp": "2025-07-28T12:09:53.821217+00:00", "symbol": "GOOGL", "side": "ask", "price": 150.69, "size": 119, "operation": "update"}
{"timestamp": "2025-07-28T12:09:53.861365+00:00", "symbol": "GOOGL", "side": "bid", "price": 150.72, "size": 122, "operation": "update"}
{"timestamp": "2025-07-28T12:09:53.900754+00:00", "symbol": "GOOGL", "side": "ask", "price": 150.75, "size": 125, "operation": "update"}
{"timestamp": "2025-07-28T12:09:53.940178+00:00", "symbol": "GOOGL", "side": "bid", "price": 150.78, "size": 128, "operation": "update"}
{"timestamp": "2025-07-28T12:09:53.981031+00:00", "symbol": "GOOGL", "side": "ask", "price": 150.81, "size": 131, "operation": "update"}
{"timestamp": "2025-07-28T12:09:54.021301+00:00", "symbol": "GOOGL", "side": "bid", "price": 150.84, "size": 134, "operation": "update"}
{"timestamp": "2025-07-28T12:09:54.060216+00:00", "symbol": "GOOGL", "side": "ask", "price": 150.87, "size": 137, "operation": "update"}
{"timestamp": "2025-07-28T12:09:54.100497+00:00", "symbol": "GOOGL", "side": "bid", "price": 150.9, "size": 140, "operation": "update"}
{"timestamp": "2025-07-28T12:09:54.140620+00:00", "symbol": "GOOGL", "side": "ask", "price": 150.93, "size": 143, "operation": "update"}
{"timestamp": "2025-07-28T12:09:54.180230+00:00", "symbol": "GOOGL", "side": "bid", "price": 150.96, "size": 146, "operation": "update"}
{"timestamp": "2025-07-28T12:09:54.220639+00:00", "symbol": "GOOGL", "side": "ask", "price": 150.99, "size": 149, "operation": "update"}
{"timestamp": "2025-07-28T12:09:54.260534+00:00", "symbol": "GOOGL", "side": "bid", "price": 150.02, "size": 102, "operation": "update"}
{"timestamp": "2025-07-28T12:09:54.300219+00:00", "symbol": "GOOGL", "side": "ask", "price": 150.05, "size": 105, "operation": "update"}
{"timestamp": "2025-07-28T12:09:54.339951+00:00", "symbol": "GOOGL", "side": "bid", "price": 150.08, "size": 108, "operation": "update"}
{"timestamp": "2025-07-28T12:09:54.383596+00:00", "symbol": "GOOGL", "side": "ask", "price": 150.11, "size": 111, "operation": "update"}
{"timestamp": "2025-07-28T12:09:54.422886+00:00", "symbol": "GOOGL", "side": "bid", "price": 150.14, "size": 114, "operation": "update"}
{"timestamp": "2025-07-28T12:09:54.465106+00:00", "symbol": "GOOGL", "side": "ask", "price": 150.17, "size": 117, "operation": "update"}
{"timestamp": "2025-07-28T12:09:54.504938+00:00", "symbol": "GOOGL", "side": "bid", "price": 150.2, "size": 120, "operation": "update"}
{"timestamp": "2025-07-28T12:09:54.544549+00:00", "symbol": "GOOGL", "side": "ask", "price": 150.23, "size": 123, "operation": "update"}
{"timestamp": "2025-07-28T12:09:54.585438+00:00", "symbol": "GOOGL", "side": "bid", "price": 150.26, "size": 126, "operation": "update"}
{"timestamp": "2025-07-28T12:09:54.627307+00:00", "symbol": "GOOGL", "side": "ask", "price": 150.29, "size": 129, "operation": "update"}
{"timestamp": "2025-07-28T12:09:54.666558+00:00", "symbol": "GOOGL", "side": "bid", "price": 150.32, "size": 132, "operation": "update"}
{"timestamp": "2025-07-28T12:09:54.707485+00:00", "symbol": "GOOGL", "side": "ask", "price": 150.35, "size": 135, "operation": "update"}
{"timestamp": "2025-07-28T12:09:54.749670+00:00", "symbol": "GOOGL", "side": "bid", "price": 150.38, "size": 138, "operation": "update"}
{"timestamp": "2025-07-28T12:09:54.789223+00:00", "symbol": "GOOGL", "side": "ask", "price": 150.41, "size": 141, "operation": "update"}
{"timestamp": "2025-07-28T12:09:54.829043+00:00", "symbol": "GOOGL", "side": "bid", "price": 150.44, "size": 144, "operation": "update"}
{"timestamp": "2025-07-28T12:09:54.868757+00:00", "symbol": "GOOGL", "side": "ask", "price": 150.47, "size": 147, "operation": "update"}
{"timestamp": "2025-07-28T12:09:54.908065+00:00", "symbol": "GOOGL", "side": "bid", "price": 150.5, "size": 100, "operation": "update"}
{"timestamp": "2025-07-28T12:09:54.949549+00:00", "symbol": "GOOGL", "side": "ask", "price": 150.53, "size": 103, "operation": "update"}
{"timestamp": "2025-07-28T12:09:54.988759+00:00", "symbol": "GOOGL", "side": "bid", "price": 150.56, "size": 106, "operation": "update"}
{"timestamp": "2025-07-28T12:09:55.029126+00:00", "symbol": "GOOGL", "side": "ask", "price": 150.59, "size": 109, "operation": "update"}
{"timestamp": "2025-07-28T12:09:55.069309+00:00", "symbol": "GOOGL", "side": "bid", "price": 150.62, "size": 112, "operation": "update"}
{"timestamp": "2025-07-28T12:09:55.109130+00:00", "symbol": "GOOGL", "side": "ask", "price": 150.65, "size": 115, "operation": "update"}
{"timestamp": "2025-07-28T12:09:55.148487+00:00", "symbol": "GOOGL", "side": "bid", "price": 150.68, "size": 118, "operation": "update"}
{"timestamp": "2025-07-28T12:09:55.188488+00:00", "symbol": "GOOGL", "side": "ask", "price": 150.71, "size": 121, "operation": "update"}
{"timestamp": "2025-07-28T12:09:55.228355+00:00", "symbol": "GOOGL", "side": "bid", "price": 150.74, "size": 124, "operation": "update"}
{"timestamp": "2025-07-28T12:09:55.268156+00:00", "symbol": "GOOGL", "side": "ask", "price": 150.77, "size": 127, "operation": "update"}
{"timestamp": "2025-07-28T12:09:55.309742+00:00", "symbol": "GOOGL", "side": "bid", "price": 150.8, "size": 130, "operation": "update"}
{"timestamp": "2025-07-28T12:09:55.350232+00:00", "symbol": "GOOGL", "side": "ask", "price": 150.83, "size": 133, "operation": "update"}
{"timestamp": "2025-07-28T12:09:55.390720+00:00", "symbol": "GOOGL", "side": "bid", "price": 150.86, "size": 136, "operation": "update"}
{"timestamp": "2025-07-28T12:09:55.432582+00:00", "symbol": "GOOGL", "side": "ask", "price": 150.89, "size": 139, "operation": "update"}
{"timestamp": "2025-07-28T12:09:55.472032+00:00", "symbol": "GOOGL", "side": "bid", "price": 150.92, "size": 142, "operation": "update"}
{"timestamp": "2025-07-28T12:09:55.513349+00:00", "symbol": "GOOGL", "side": "ask", "price": 150.95, "size": 145, "operation": "update"}
{"timestamp": "2025-07-28T12:09:55.554039+00:00", "symbol": "GOOGL", "side": "bid", "price": 150.98, "size": 148, "operation": "update"}
{"timestamp": "2025-07-28T12:09:55.594201+00:00", "symbol": "GOOGL", "side": "ask", "price": 150.01, "size": 101, "operation": "update"}
{"timestamp": "2025-07-28T12:09:55.634020+00:00", "symbol": "GOOGL", "side": "bid", "price": 150.04, "size": 104, "operation": "update"}
{"timestamp": "2025-07-28T12:09:55.673366+00:00", "symbol": "GOOGL", "side": "ask", "price": 150.07, "size": 107, "operation": "update"}
{"timestamp": "2025-07-28T12:09:55.714041+00:00", "symbol": "GOOGL", "side": "bid", "price": 150.1, "size": 110, "operation": "update"}
{"timestamp": "2025-07-28T12:09:55.753060+00:00", "symbol": "GOOGL", "side": "ask", "price": 150.13, "size": 113, "operation": "update"}
{"timestamp": "2025-07-28T12:09:55.792284+00:00", "symbol": "GOOGL", "side": "bid", "price": 150.16, "size": 116, "operation": "update"}
{"timestamp": "2025-07-28T12:09:55.832460+00:00", "symbol": "GOOGL", "side": "ask", "price": 150.19, "size": 119, "operation": "update"}
{"timestamp": "2025-07-28T12:09:55.872341+00:00", "symbol": "GOOGL", "side": "bid", "price": 150.22, "size": 122, "operation": "update"}
{"timestamp": "2025-07-28T12:09:55.911849+00:00", "symbol": "GOOGL", "side": "ask", "price": 150.25, "size": 125, "operation": "update"}
{"timestamp": "2025-07-28T12:09:55.951529+00:00", "symbol": "GOOGL", "side": "bid", "price": 150.28, "size": 128, "operation": "update"}
{"timestamp": "2025-07-28T12:09:55.991386+00:00", "symbol": "GOOGL", "side": "ask", "price": 150.31, "size": 131, "operation": "update"}
{"timestamp": "2025-07-28T12:09:56.031530+00:00", "symbol": "GOOGL", "side": "bid", "price": 150.34, "size": 134, "operation": "update"}
{"timestamp": "2025-07-28T12:09:56.072170+00:00", "symbol": "GOOGL", "side": "ask", "price": 150.37, "size": 137, "operation": "update"}
{"timestamp": "2025-07-28T12:09:56.112963+00:00", "symbol": "GOOGL", "side": "bid", "price": 150.4, "size": 140, "operation": "update"}
{"timestamp": "2025-07-28T12:09:56.153626+00:00", "symbol": "GOOGL", "side": "ask", "price": 150.43, "size": 143, "operation": "update"}
{"timestamp": "2025-07-28T12:09:56.194522+00:00", "symbol": "GOOGL", "side": "bid", "price": 150.46, "size": 146, "operation": "update"}
{"timestamp": "2025-07-28T12:09:56.234836+00:00", "symbol": "GOOGL", "side": "ask", "price": 150.49, "size": 149, "operation": "update"}
{"timestamp": "2025-07-28T12:09:56.274311+00:00", "symbol": "GOOGL", "side": "bid", "price": 150.52, "size": 102, "operation": "update"}
{"timestamp": "2025-07-28T12:09:56.313792+00:00", "symbol": "GOOGL", "side": "ask", "price": 150.55, "size": 105, "operation": "update"}
{"timestamp": "2025-07-28T12:09:56.354561+00:00", "symbol": "GOOGL", "side": "bid", "price": 150.58, "size": 108, "operation": "update"}
{"timestamp": "2025-07-28T12:09:56.395098+00:00", "symbol": "GOOGL", "side": "ask", "price": 150.61, "size": 111, "operation": "update"}
{"timestamp": "2025-07-28T12:09:56.436530+00:00", "symbol": "GOOGL", "side": "bid", "price": 150.64, "size": 114, "operation": "update"}
{"timestamp": "2025-07-28T12:09:56.477662+00:00", "symbol": "GOOGL", "side": "ask", "price": 150.67, "size": 117, "operation": "update"}
{"timestamp": "2025-07-28T12:09:56.517960+00:00", "symbol": "GOOGL", "side": "bid", "price": 150.7, "size": 120, "operation": "update"}
{"timestamp": "2025-07-28T12:09:56.559406+00:00", "symbol": "GOOGL", "side": "ask", "price": 150.73, "size": 123, "operation": "update"}
{"timestamp": "2025-07-28T12:09:56.602736+00:00", "symbol": "GOOGL", "side": "bid", "price": 150.76, "size": 126, "operation": "update"}
{"timestamp": "2025-07-28T12:09:56.643476+00:00", "symbol": "GOOGL", "side": "ask", "price": 150.79, "size": 129, "operation": "update"}
{"timestamp": "2025-07-28T12:09:56.683831+00:00", "symbol": "GOOGL", "side": "bid", "price": 150.82, "size": 132, "operation": "update"}
{"timestamp": "2025-07-28T12:09:56.723377+00:00", "symbol": "GOOGL", "side": "ask", "price": 150.85, "size": 135, "operation": "update"}
{"timestamp": "2025-07-28T12:09:56.764278+00:00", "symbol": "GOOGL", "side": "bid", "price": 150.88, "size": 138, "operation": "update"}
{"timestamp": "2025-07-28T12:09:56.805079+00:00", "symbol": "GOOGL", "side": "ask", "price": 150.91, "size": 141, "operation": "update"}
{"timestamp": "2025-07-28T12:09:56.844563+00:00", "symbol": "GOOGL", "side": "bid", "price": 150.94, "size": 144, "operation": "update"}
{"timestamp": "2025-07-28T12:09:56.885708+00:00", "symbol": "GOOGL", "side": "ask", "price": 150.97, "size": 147, "operation": "update"}
{"timestamp": "2025-07-28T12:09:56.925398+00:00", "symbol": "GOOGL", "side": "bid", "price": 150.0, "size": 100, "operation": "update"}
{"timestamp": "2025-07-28T12:09:56.964956+00:00", "symbol": "GOOGL", "side": "ask", "price": 150.03, "size": 103, "operation": "update"}
{"timestamp": "2025-07-28T12:09:57.005027+00:00", "symbol": "GOOGL", "side": "bid", "price": 150.06, "size": 106, "operation": "update"}
{"timestamp": "2025-07-28T12:09:57.045198+00:00", "symbol": "GOOGL", "side": "ask", "price": 150.09, "size": 109, "operation": "update"}
{"timestamp": "2025-07-28T12:09:57.085574+00:00", "symbol": "GOOGL", "side": "bid", "price": 150.12, "size": 112, "operation": "update"}
{"timestamp": "2025-07-28T12:09:57.125601+00:00", "symbol": "GOOGL", "side": "ask", "price": 150.15, "size": 115, "operation": "update"}
{"timestamp": "2025-07-28T12:09:57.165518+00:00", "symbol": "GOOGL", "side": "bid", "price": 150.18, "size": 118, "operation": "update"}
{"timestamp": "2025-07-28T12:09:57.206339+00:00", "symbol": "GOOGL", "side": "ask", "price": 150.21, "size": 121, "operation": "update"}
{"timestamp": "2025-07-28T12:09:57.246881+00:00", "symbol": "GOOGL", "side": "bid", "price": 150.24, "size": 124, "operation": "update"}
{"timestamp": "2025-07-28T12:09:57.286902+00:00", "symbol": "GOOGL", "side": "ask", "price": 150.27, "size": 127, "operation": "update"}
{"timestamp": "2025-07-28T12:09:57.327138+00:00", "symbol": "GOOGL", "side": "bid", "price": 150.3, "size": 130, "operation": "update"}
{"timestamp": "2025-07-28T12:09:57.366714+00:00", "symbol": "GOOGL", "side": "ask", "price": 150.33, "size": 133, "operation": "update"}
{"timestamp": "2025-07-28T12:09:57.406661+00:00", "symbol": "GOOGL", "side": "bid", "price": 150.36, "size": 136, "operation": "update"}
{"timestamp": "2025-07-28T12:09:57.446299+00:00", "symbol": "GOOGL", "side": "ask", "price": 150.39, "size": 139, "operation": "update"}
{"timestamp": "2025-07-28T12:09:57.485816+00:00", "symbol": "GOOGL", "side": "bid", "price": 150.42, "size": 142, "operation": "update"}
{"timestamp": "2025-07-28T12:09:57.525923+00:00", "symbol": "GOOGL", "side": "ask", "price": 150.45, "size": 145, "operation": "update"}
{"timestamp": "2025-07-28T12:09:57.566232+00:00", "symbol": "GOOGL", "side": "bid", "price": 150.48, "size": 148, "operation": "update"}
{"timestamp": "2025-07-28T12:09:57.608287+00:00", "symbol": "GOOGL", "side": "ask", "price": 150.51, "size": 101, "operation": "update"}
{"timestamp": "2025-07-28T12:09:57.648931+00:00", "symbol": "GOOGL", "side": "bid", "price": 150.54, "size": 104, "operation": "update"}
{"timestamp": "2025-07-28T12:09:57.690826+00:00", "symbol": "GOOGL", "side": "ask", "price": 150.57, "size": 107, "operation": "update"}
{"timestamp": "2025-07-28T12:09:57.730874+00:00", "symbol": "GOOGL", "side": "bid", "price": 150.6, "size": 110, "operation": "update"}
{"timestamp": "2025-07-28T12:09:57.770523+00:00", "symbol": "GOOGL", "side": "ask", "price": 150.63, "size": 113, "operation": "update"}
{"timestamp": "2025-07-28T12:09:57.811512+00:00", "symbol": "GOOGL", "side": "bid", "price": 150.66, "size": 116, "operation": "update"}
{"timestamp": "2025-07-28T12:09:57.851678+00:00", "symbol": "GOOGL", "side": "ask", "price": 150.69, "size": 119, "operation": "update"}
{"timestamp": "2025-07-28T12:09:57.895145+00:00", "symbol": "GOOGL", "side": "bid", "price": 150.72, "size": 122, "operation": "update"}
{"timestamp": "2025-07-28T12:09:57.935413+00:00", "symbol": "GOOGL", "side": "ask", "price": 150.75, "size": 125, "operation": "update"}
{"timestamp": "2025-07-28T12:09:57.976288+00:00", "symbol": "GOOGL", "side": "bid", "price": 150.78, "size": 128, "operation": "update"}
{"timestamp": "2025-07-28T12:09:58.017447+00:00", "symbol": "GOOGL", "side": "ask", "price": 150.81, "size": 131, "operation": "update"}
{"timestamp": "2025-07-28T12:09:58.057344+00:00", "symbol": "GOOGL", "side": "bid", "price": 150.84, "size": 134, "operation": "update"}
{"timestamp": "2025-07-28T12:09:58.098424+00:00", "symbol": "GOOGL", "side": "ask", "price": 150.87, "size": 137, "operation": "update"}
{"timestamp": "2025-07-28T12:09:58.141141+00:00", "symbol": "GOOGL", "side": "bid", "price": 150.9, "size": 140, "operation": "update"}
{"timestamp": "2025-07-28T12:09:58.180668+00:00", "symbol": "GOOGL", "side": "ask", "price": 150.93, "size": 143, "operation": "update"}
{"timestamp": "2025-07-28T12:09:58.221335+00:00", "symbol": "GOOGL", "side": "bid", "price": 150.96, "size": 146, "operation": "update"}
{"timestamp": "2025-07-28T12:09:58.263260+00:00", "symbol": "GOOGL", "side": "ask", "price": 150.99, "size": 149, "operation": "update"}
{"timestamp": "2025-07-28T12:09:58.303692+00:00", "symbol": "GOOGL", "side": "bid", "price": 150.02, "size": 102, "operation": "update"}
{"timestamp": "2025-07-28T12:09:58.344108+00:00", "symbol": "GOOGL", "side": "ask", "price": 150.05, "size": 105, "operation": "update"}
{"timestamp": "2025-07-28T12:09:58.384865+00:00", "symbol": "GOOGL", "side": "bid", "price": 150.08, "size": 108, "operation": "update"}
{"timestamp": "2025-07-28T12:09:58.424285+00:00", "symbol": "GOOGL", "side": "ask", "price": 150.11, "size": 111, "operation": "update"}
{"timestamp": "2025-07-28T12:09:58.463202+00:00", "symbol": "GOOGL", "side": "bid", "price": 150.14, "size": 114, "operation": "update"}
{"timestamp": "2025-07-28T12:09:58.503234+00:00", "symbol": "GOOGL", "side": "ask", "price": 150.17, "size": 117, "operation": "update"}
{"timestamp": "2025-07-28T12:09:58.543292+00:00", "symbol": "GOOGL", "side": "bid", "price": 150.2, "size": 120, "operation": "update"}
{"timestamp": "2025-07-28T12:09:58.584611+00:00", "symbol": "GOOGL", "side": "ask", "price": 150.23, "size": 123, "operation": "update"}
{"timestamp": "2025-07-28T12:09:58.626451+00:00", "symbol": "GOOGL", "side": "bid", "price": 150.26, "size": 126, "operation": "update"}
{"timestamp": "2025-07-28T12:09:58.665738+00:00", "symbol": "GOOGL", "side": "ask", "price": 150.29, "size": 129, "operation": "update"}
{"timestamp": "2025-07-28T12:09:58.706496+00:00", "symbol": "GOOGL", "side": "bid", "price": 150.32, "size": 132, "operation": "update"}
{"timestamp": "2025-07-28T12:09:58.746472+00:00", "symbol": "GOOGL", "side": "ask", "price": 150.35, "size": 135, "operation": "update"}
{"timestamp": "2025-07-28T12:09:58.785762+00:00", "symbol": "GOOGL", "side": "bid", "price": 150.38, "size": 138, "operation": "update"}
{"timestamp": "2025-07-28T12:09:58.825365+00:00", "symbol": "GOOGL", "side": "ask", "price": 150.41, "size": 141, "operation": "update"}
{"timestamp": "2025-07-28T12:09:58.867386+00:00", "symbol": "GOOGL", "side": "bid", "price": 150.44, "size": 144, "operation": "update"}
{"timestamp": "2025-07-28T12:09:58.907114+00:00", "symbol": "GOOGL", "side": "ask", "price": 150.47, "size": 147, "operation": "update"}
{"timestamp": "2025-07-28T12:09:58.947557+00:00", "symbol": "GOOGL", "side": "bid", "price": 150.5, "size": 100, "operation": "update"}
{"timestamp": "2025-07-28T12:09:58.987340+00:00", "symbol": "GOOGL", "side": "ask", "price": 150.53, "size": 103, "operation": "update"}
{"timestamp": "2025-07-28T12:09:59.027454+00:00", "symbol": "GOOGL", "side": "bid", "price": 150.56, "size": 106, "operation": "update"}
{"timestamp": "2025-07-28T12:09:59.067197+00:00", "symbol": "GOOGL", "side": "ask", "price": 150.59, "size": 109, "operation": "update"}
{"timestamp": "2025-07-28T12:09:59.106907+00:00", "symbol": "GOOGL", "side": "bid", "price": 150.62, "size": 112, "operation": "update"}
{"timestamp": "2025-07-28T12:09:59.146466+00:00", "symbol": "GOOGL", "side": "ask", "price": 150.65, "size": 115, "operation": "update"}
{"timestamp": "2025-07-28T12:09:59.186718+00:00", "symbol": "GOOGL", "side": "bid", "price": 150.68, "size": 118, "operation": "update"}
{"timestamp": "2025-07-28T12:09:59.225805+00:00", "symbol": "GOOGL", "side": "ask", "price": 150.71, "size": 121, "operation": "update"}
{"timestamp": "2025-07-28T12:09:59.266882+00:00", "symbol": "GOOGL", "side": "bid", "price": 150.74, "size": 124, "operation": "update"}
{"timestamp": "2025-07-28T12:09:59.313578+00:00", "symbol": "GOOGL", "side": "ask", "price": 150.77, "size": 127, "operation": "update"}
{"timestamp": "2025-07-28T12:09:59.354664+00:00", "symbol": "GOOGL", "side": "bid", "price": 150.8, "size": 130, "operation": "update"}
{"timestamp": "2025-07-28T12:09:59.394297+00:00", "symbol": "GOOGL", "side": "ask", "price": 150.83, "size": 133, "operation": "update"}
{"timestamp": "2025-07-28T12:09:59.435857+00:00", "symbol": "GOOGL", "side": "bid", "price": 150.86, "size": 136, "operation": "update"}
{"timestamp": "2025-07-28T12:09:59.475646+00:00", "symbol": "GOOGL", "side": "ask", "price": 150.89, "size": 139, "operation": "update"}
{"timestamp": "2025-07-28T12:09:59.515641+00:00", "symbol": "GOOGL", "side": "bid", "price": 150.92, "size": 142, "operation": "update"}
{"timestamp": "2025-07-28T12:09:59.555533+00:00", "symbol": "GOOGL", "side": "ask", "price": 150.95, "size": 145, "operation": "update"}
{"timestamp": "2025-07-28T12:09:59.596323+00:00", "symbol": "GOOGL", "side": "bid", "price": 150.98, "size": 148, "operation": "update"}
{"timestamp": "2025-07-28T12:09:59.636747+00:00", "symbol": "GOOGL", "side": "ask", "price": 150.01, "size": 101, "operation": "update"}
{"timestamp": "2025-07-28T12:09:59.678722+00:00", "symbol": "GOOGL", "side": "bid", "price": 150.04, "size": 104, "operation": "update"}
{"timestamp": "2025-07-28T12:09:59.720085+00:00", "symbol": "GOOGL", "side": "ask", "price": 150.07, "size": 107, "operation": "update"}
{"timestamp": "2025-07-28T12:09:59.760081+00:00", "symbol": "GOOGL", "side": "bid", "price": 150.1, "size": 110, "operation": "update"}
{"timestamp": "2025-07-28T12:09:59.800448+00:00", "symbol": "GOOGL", "side": "ask", "price": 150.13, "size": 113, "operation": "update"}
{"timestamp": "2025-07-28T12:09:59.840361+00:00", "symbol": "GOOGL", "side": "bid", "price": 150.16, "size": 116, "operation": "update"}
{"timestamp": "2025-07-28T12:09:59.880183+00:00", "symbol": "GOOGL", "side": "ask", "price": 150.19, "size": 119, "operation": "update"}
{"timestamp": "2025-07-28T12:09:59.919594+00:00", "symbol": "GOOGL", "side": "bid", "price": 150.22, "size": 122, "operation": "update"}
{"timestamp": "2025-07-28T12:09:59.965944+00:00", "symbol": "GOOGL", "side": "ask", "price": 150.25, "size": 125, "operation": "update"}
{"timestamp": "2025-07-28T12:10:00.006590+00:00", "symbol": "GOOGL", "side": "bid", "price": 150.28, "size": 128, "operation": "update"}
{"timestamp": "2025-07-28T12:10:00.048347+00:00", "symbol": "GOOGL", "side": "ask", "price": 150.31, "size": 131, "operation": "update"}
{"timestamp": "2025-07-28T12:10:00.089101+00:00", "symbol": "GOOGL", "side": "bid", "price": 150.34, "size": 134, "operation": "update"}
{"timestamp": "2025-07-28T12:10:00.130185+00:00", "symbol": "GOOGL", "side": "ask", "price": 150.37, "size": 137, "operation": "update"}
{"timestamp": "2025-07-28T12:10:00.170357+00:00", "symbol": "GOOGL", "side": "bid", "price": 150.4, "size": 140, "operation": "update"}
{"timestamp": "2025-07-28T12:10:00.211255+00:00", "symbol": "GOOGL", "side": "ask", "price": 150.43, "size": 143, "operation": "update"}
{"timestamp": "2025-07-28T12:10:00.250564+00:00", "symbol": "GOOGL", "side": "bid", "price": 150.46, "size": 146, "operation": "update"}
{"timestamp": "2025-07-28T12:10:00.293092+00:00", "symbol": "GOOGL", "side": "ask", "price": 150.49, "size": 149, "operation": "update"}
{"timestamp": "2025-07-28T12:10:00.334592+00:00", "symbol": "GOOGL", "side": "bid", "price": 150.52, "size": 102, "operation": "update"}
{"timestamp": "2025-07-28T12:10:00.374878+00:00", "symbol": "GOOGL", "side": "ask", "price": 150.55, "size": 105, "operation": "update"}
{"timestamp": "2025-07-28T12:10:00.415714+00:00", "symbol": "GOOGL", "side": "bid", "price": 150.58, "size": 108, "operation": "update"}
{"timestamp": "2025-07-28T12:10:00.455980+00:00", "symbol": "GOOGL", "side": "ask", "price": 150.61, "size": 111, "operation": "update"}
{"timestamp": "2025-07-28T12:10:00.496064+00:00", "symbol": "GOOGL", "side": "bid", "price": 150.64, "size": 114, "operation": "update"}
{"timestamp": "2025-07-28T12:10:00.537393+00:00", "symbol": "GOOGL", "side": "ask", "price": 150.67, "size": 117, "operation": "update"}
{"timestamp": "2025-07-28T12:10:00.580846+00:00", "symbol": "GOOGL", "side": "bid", "price": 150.7, "size": 120, "operation": "update"}
{"timestamp": "2025-07-28T12:10:00.624816+00:00", "symbol": "GOOGL", "side": "ask", "price": 150.73, "size": 123, "operation": "update"}
{"timestamp": "2025-07-28T12:10:00.664532+00:00", "symbol": "GOOGL", "side": "bid", "price": 150.76, "size": 126, "operation": "update"}
{"timestamp": "2025-07-28T12:10:00.703581+00:00", "symbol": "GOOGL", "side": "ask", "price": 150.79, "size": 129, "operation": "update"}
{"timestamp": "2025-07-28T12:10:00.744018+00:00", "symbol": "GOOGL", "side": "bid", "price": 150.82, "size": 132, "operation": "update"}
{"timestamp": "2025-07-28T12:10:00.783673+00:00", "symbol": "GOOGL", "side": "ask", "price": 150.85, "size": 135, "operation": "update"}
{"timestamp": "2025-07-28T12:10:00.823531+00:00", "symbol": "GOOGL", "side": "bid", "price": 150.88, "size": 138, "operation": "update"}
{"timestamp": "2025-07-28T12:10:00.864217+00:00", "symbol": "GOOGL", "side": "ask", "price": 150.91, "size": 141, "operation": "update"}
{"timestamp": "2025-07-28T12:10:00.906193+00:00", "symbol": "GOOGL", "side": "bid", "price": 150.94, "size": 144, "operation": "update"}
{"timestamp": "2025-07-28T12:10:00.947077+00:00", "symbol": "GOOGL", "side": "ask", "price": 150.97, "size": 147, "operation": "update"}
{"timestamp": "2025-07-28T12:10:00.988701+00:00", "symbol": "GOOGL", "side": "bid", "price": 150.0, "size": 100, "operation": "update"}
{"timestamp": "2025-07-28T12:10:01.029353+00:00", "symbol": "GOOGL", "side": "ask", "price": 150.03, "size": 103, "operation": "update"}
{"timestamp": "2025-07-28T12:10:01.069388+00:00", "symbol": "GOOGL", "side": "bid", "price": 150.06, "size": 106, "operation": "update"}
{"timestamp": "2025-07-28T12:10:01.109037+00:00", "symbol": "GOOGL", "side": "ask", "price": 150.09, "size": 109, "operation": "update"}
{"timestamp": "2025-07-28T12:10:01.149743+00:00", "symbol": "GOOGL", "side": "bid", "price": 150.12, "size": 112, "operation": "update"}
{"timestamp": "2025-07-28T12:10:01.190407+00:00", "symbol": "GOOGL", "side": "ask", "price": 150.15, "size": 115, "operation": "update"}
{"timestamp": "2025-07-28T12:10:01.230502+00:00", "symbol": "GOOGL", "side": "bid", "price": 150.18, "size": 118, "operation": "update"}
{"timestamp": "2025-07-28T12:10:01.271441+00:00", "symbol": "GOOGL", "side": "ask", "price": 150.21, "size": 121, "operation": "update"}
{"timestamp": "2025-07-28T12:10:01.312977+00:00", "symbol": "GOOGL", "side": "bid", "price": 150.24, "size": 124, "operation": "update"}
{"timestamp": "2025-07-28T12:10:01.352979+00:00", "symbol": "GOOGL", "side": "ask", "price": 150.27, "size": 127, "operation": "update"}
{"timestamp": "2025-07-28T12:10:01.393031+00:00", "symbol": "GOOGL", "side": "bid", "price": 150.3, "size": 130, "operation": "update"}
{"timestamp": "2025-07-28T12:10:01.433717+00:00", "symbol": "GOOGL", "side": "ask", "price": 150.33, "size": 133, "operation": "update"}
{"timestamp": "2025-07-28T12:10:01.473443+00:00", "symbol": "GOOGL", "side": "bid", "price": 150.36, "size": 136, "operation": "update"}
{"timestamp": "2025-07-28T12:10:01.515011+00:00", "symbol": "GOOGL", "side": "ask", "price": 150.39, "size": 139, "operation": "update"}
{"timestamp": "2025-07-28T12:10:01.560719+00:00", "symbol": "GOOGL", "side": "bid", "price": 150.42, "size": 142, "operation": "update"}
{"timestamp": "2025-07-28T12:10:01.600986+00:00", "symbol": "GOOGL", "side": "ask", "price": 150.45, "size": 145, "operation": "update"}
{"timestamp": "2025-07-28T12:10:01.641372+00:00", "symbol": "GOOGL", "side": "bid", "price": 150.48, "size": 148, "operation": "update"}
{"timestamp": "2025-07-28T12:10:01.683931+00:00", "symbol": "GOOGL", "side": "ask", "price": 150.51, "size": 101, "operation": "update"}
{"timestamp": "2025-07-28T12:10:01.729274+00:00", "symbol": "GOOGL", "side": "bid", "price": 150.54, "size": 104, "operation": "update"}
{"timestamp": "2025-07-28T12:10:01.769476+00:00", "symbol": "GOOGL", "side": "ask", "price": 150.57, "size": 107, "operation": "update"}
{"timestamp": "2025-07-28T12:10:01.810694+00:00", "symbol": "GOOGL", "side": "bid", "price": 150.6, "size": 110, "operation": "update"}
{"timestamp": "2025-07-28T12:10:01.850576+00:00", "symbol": "GOOGL", "side": "ask", "price": 150.63, "size": 113, "operation": "update"}
{"timestamp": "2025-07-28T12:10:01.890820+00:00", "symbol": "GOOGL", "side": "bid", "price": 150.66, "size": 116, "operation": "update"}
{"timestamp": "2025-07-28T12:10:01.932611+00:00", "symbol": "GOOGL", "side": "ask", "price": 150.69, "size": 119, "operation": "update"}
{"timestamp": "2025-07-28T12:10:01.973813+00:00", "symbol": "GOOGL", "side": "bid", "price": 150.72, "size": 122, "operation": "update"}
{"timestamp": "2025-07-28T12:10:02.017595+00:00", "symbol": "GOOGL", "side": "ask", "price": 150.75, "size": 125, "operation": "update"}
{"timestamp": "2025-07-28T12:10:02.059104+00:00", "symbol": "GOOGL", "side": "bid", "price": 150.78, "size": 128, "operation": "update"}
{"timestamp": "2025-07-28T12:10:02.101900+00:00", "symbol": "GOOGL", "side": "ask", "price": 150.81, "size": 131, "operation": "update"}
{"timestamp": "2025-07-28T12:10:02.141958+00:00", "symbol": "GOOGL", "side": "bid", "price": 150.84, "size": 134, "operation": "update"}
{"timestamp": "2025-07-28T12:10:02.180872+00:00", "symbol": "GOOGL", "side": "ask", "price": 150.87, "size": 137, "operation": "update"}
{"timestamp": "2025-07-28T12:10:02.221123+00:00", "symbol": "GOOGL", "side": "bid", "price": 150.9, "size": 140, "operation": "update"}
{"timestamp": "2025-07-28T12:10:02.260251+00:00", "symbol": "GOOGL", "side": "ask", "price": 150.93, "size": 143, "operation": "update"}
{"timestamp": "2025-07-28T12:10:02.299624+00:00", "symbol": "GOOGL", "side": "bid", "price": 150.96, "size": 146, "operation": "update"}
{"timestamp": "2025-07-28T12:10:02.341756+00:00", "symbol": "GOOGL", "side": "ask", "price": 150.99, "size": 149, "operation": "update"}
{"timestamp": "2025-07-28T12:10:02.382497+00:00", "symbol": "GOOGL", "side": "bid", "price": 150.02, "size": 102, "operation": "update"}
{"timestamp": "2025-07-28T12:10:02.422114+00:00", "symbol": "GOOGL", "side": "ask", "price": 150.05, "size": 105, "operation": "update"}
{"timestamp": "2025-07-28T12:10:02.463042+00:00", "symbol": "GOOGL", "side": "bid", "price": 150.08, "size": 108, "operation": "update"}
{"timestamp": "2025-07-28T12:10:02.503403+00:00", "symbol": "GOOGL", "side": "ask", "price": 150.11, "size": 111, "operation": "update"}
{"timestamp": "2025-07-28T12:10:02.543127+00:00", "symbol": "GOOGL", "side": "bid", "price": 150.14, "size": 114, "operation": "update"}
{"timestamp": "2025-07-28T12:10:02.582883+00:00", "symbol": "GOOGL", "side": "ask", "price": 150.17, "size": 117, "operation": "update"}
{"timestamp": "2025-07-28T12:10:02.625437+00:00", "symbol": "GOOGL", "side": "bid", "price": 150.2, "size": 120, "operation": "update"}
{"timestamp": "2025-07-28T12:10:02.666030+00:00", "symbol": "GOOGL", "side": "ask", "price": 150.23, "size": 123, "operation": "update"}
{"timestamp": "2025-07-28T12:10:02.709999+00:00", "symbol": "GOOGL", "side": "bid", "price": 150.26, "size": 126, "operation": "update"}
{"timestamp": "2025-07-28T12:10:02.750221+00:00", "symbol": "GOOGL", "side": "ask", "price": 150.29, "size": 129, "operation": "update"}
{"timestamp": "2025-07-28T12:10:02.790514+00:00", "symbol": "GOOGL", "side": "bid", "price": 150.32, "size": 132, "operation": "update"}
{"timestamp": "2025-07-28T12:10:02.830337+00:00", "symbol": "GOOGL", "side": "ask", "price": 150.35, "size": 135, "operation": "update"}
{"timestamp": "2025-07-28T12:10:02.870616+00:00", "symbol": "GOOGL", "side": "bid", "price": 150.38, "size": 138, "operation": "update"}
{"timestamp": "2025-07-28T12:10:02.911701+00:00", "symbol": "GOOGL", "side": "ask", "price": 150.41, "size": 141, "operation": "update"}
{"timestamp": "2025-07-28T12:10:02.951549+00:00", "symbol": "GOOGL", "side": "bid", "price": 150.44, "size": 144, "operation": "update"}
{"timestamp": "2025-07-28T12:10:02.991502+00:00", "symbol": "GOOGL", "side": "ask", "price": 150.47, "size": 147, "operation": "update"}
{"timestamp": "2025-07-28T12:10:03.031269+00:00", "symbol": "GOOGL", "side": "bid", "price": 150.5, "size": 100, "operation": "update"}
{"timestamp": "2025-07-28T12:10:03.071849+00:00", "symbol": "GOOGL", "side": "ask", "price": 150.53, "size": 103, "operation": "update"}
{"timestamp": "2025-07-28T12:10:03.111008+00:00", "symbol": "GOOGL", "side": "bid", "price": 150.56, "size": 106, "operation": "update"}
{"timestamp": "2025-07-28T12:10:03.150846+00:00", "symbol": "GOOGL", "side": "ask", "price": 150.59, "size": 109, "operation": "update"}
{"timestamp": "2025-07-28T12:10:03.192488+00:00", "symbol": "GOOGL", "side": "bid", "price": 150.62, "size": 112, "operation": "update"}
{"timestamp": "2025-07-28T12:10:03.231466+00:00", "symbol": "GOOGL", "side": "ask", "price": 150.65, "size": 115, "operation": "update"}
{"timestamp": "2025-07-28T12:10:03.273161+00:00", "symbol": "GOOGL", "side": "bid", "price": 150.68, "size": 118, "operation": "update"}
{"timestamp": "2025-07-28T12:10:03.315616+00:00", "symbol": "GOOGL", "side": "ask", "price": 150.71, "size": 121, "operation": "update"}
{"timestamp": "2025-07-28T12:10:03.357617+00:00", "symbol": "GOOGL", "side": "bid", "price": 150.74, "size": 124, "operation": "update"}
{"timestamp": "2025-07-28T12:10:03.397415+00:00", "symbol": "GOOGL", "side": "ask", "price": 150.77, "size": 127, "operation": "update"}
{"timestamp": "2025-07-28T12:10:03.438301+00:00", "symbol": "GOOGL", "side": "bid", "price": 150.8, "size": 130, "operation": "update"}
{"timestamp": "2025-07-28T12:10:03.479787+00:00", "symbol": "GOOGL", "side": "ask", "price": 150.83, "size": 133, "operation": "update"}
{"timestamp": "2025-07-28T12:10:03.521939+00:00", "symbol": "GOOGL", "side": "bid", "price": 150.86, "size": 136, "operation": "update"}
{"timestamp": "2025-07-28T12:10:03.563311+00:00", "symbol": "GOOGL", "side": "ask", "price": 150.89, "size": 139, "operation": "update"}
{"timestamp": "2025-07-28T12:10:03.605002+00:00", "symbol": "GOOGL", "side": "bid", "price": 150.92, "size": 142, "operation": "update"}
{"timestamp": "2025-07-28T12:10:03.645375+00:00", "symbol": "GOOGL", "side": "ask", "price": 150.95, "size": 145, "operation": "update"}
{"timestamp": "2025-07-28T12:10:03.687942+00:00", "symbol": "GOOGL", "side": "bid", "price": 150.98, "size": 148, "operation": "update"}
{"timestamp": "2025-07-28T12:10:03.731163+00:00", "symbol": "GOOGL", "side": "ask", "price": 150.01, "size": 101, "operation": "update"}
{"timestamp": "2025-07-28T12:10:03.773496+00:00", "symbol": "GOOGL", "side": "bid", "price": 150.04, "size": 104, "operation": "update"}
{"timestamp": "2025-07-28T12:10:03.813856+00:00", "symbol": "GOOGL", "side": "ask", "price": 150.07, "size": 107, "operation": "update"}
{"timestamp": "2025-07-28T12:10:03.855661+00:00", "symbol": "GOOGL", "side": "bid", "price": 150.1, "size": 110, "operation": "update"}
{"timestamp": "2025-07-28T12:10:03.896949+00:00", "symbol": "GOOGL", "side": "ask", "price": 150.13, "size": 113, "operation": "update"}
{"timestamp": "2025-07-28T12:10:03.938020+00:00", "symbol": "GOOGL", "side": "bid", "price": 150.16, "size": 116, "operation": "update"}
{"timestamp": "2025-07-28T12:10:03.980795+00:00", "symbol": "GOOGL", "side": "ask", "price": 150.19, "size": 119, "operation": "update"}
{"timestamp": "2025-07-28T12:10:04.023892+00:00", "symbol": "GOOGL", "side": "bid", "price": 150.22, "size": 122, "operation": "update"}
{"timestamp": "2025-07-28T12:10:04.064610+00:00", "symbol": "GOOGL", "side": "ask", "price": 150.25, "size": 125, "operation": "update"}
{"timestamp": "2025-07-28T12:10:04.105966+00:00", "symbol": "GOOGL", "side": "bid", "price": 150.28, "size": 128, "operation": "update"}
{"timestamp": "2025-07-28T12:10:04.148170+00:00", "symbol": "GOOGL", "side": "ask", "price": 150.31, "size": 131, "operation": "update"}
{"timestamp": "2025-07-28T12:10:04.188585+00:00", "symbol": "GOOGL", "side": "bid", "price": 150.34, "size": 134, "operation": "update"}
{"timestamp": "2025-07-28T12:10:04.229868+00:00", "symbol": "GOOGL", "side": "ask", "price": 150.37, "size": 137, "operation": "update"}
{"timestamp": "2025-07-28T12:10:04.271573+00:00", "symbol": "GOOGL", "side": "bid", "price": 150.4, "size": 140, "operation": "update"}
{"timestamp": "2025-07-28T12:10:04.312234+00:00", "symbol": "GOOGL", "side": "ask", "price": 150.43, "size": 143, "operation": "update"}
{"timestamp": "2025-07-28T12:10:04.352433+00:00", "symbol": "GOOGL", "side": "bid", "price": 150.46, "size": 146, "operation": "update"}
{"timestamp": "2025-07-28T12:10:04.393887+00:00", "symbol": "GOOGL", "side": "ask", "price": 150.49, "size": 149, "operation": "update"}
{"timestamp": "2025-07-28T12:10:04.434779+00:00", "symbol": "GOOGL", "side": "bid", "price": 150.52, "size": 102, "operation": "update"}
{"timestamp": "2025-07-28T12:10:04.474608+00:00", "symbol": "GOOGL", "side": "ask", "price": 150.55, "size": 105, "operation": "update"}
{"timestamp": "2025-07-28T12:10:04.517465+00:00", "symbol": "GOOGL", "side": "bid", "price": 150.58, "size": 108, "operation": "update"}
{"timestamp": "2025-07-28T12:10:04.562548+00:00", "symbol": "GOOGL", "side": "ask", "price": 150.61, "size": 111, "operation": "update"}
{"timestamp": "2025-07-28T12:10:04.604487+00:00", "symbol": "GOOGL", "side": "bid", "price": 150.64, "size": 114, "operation": "update"}
{"timestamp": "2025-07-28T12:10:04.645779+00:00", "symbol": "GOOGL", "side": "ask", "price": 150.67, "size": 117, "operation": "update"}
{"timestamp": "2025-07-28T12:10:04.686739+00:00", "symbol": "GOOGL", "side": "bid", "price": 150.7, "size": 120, "operation": "update"}
{"timestamp": "2025-07-28T12:10:04.729170+00:00", "symbol": "GOOGL", "side": "ask", "price": 150.73, "size": 123, "operation": "update"}
{"timestamp": "2025-07-28T12:10:04.772056+00:00", "symbol": "GOOGL", "side": "bid", "price": 150.76, "size": 126, "operation": "update"}
{"timestamp": "2025-07-28T12:10:04.813743+00:00", "symbol": "GOOGL", "side": "ask", "price": 150.79, "size": 129, "operation": "update"}
{"timestamp": "2025-07-28T12:10:04.856734+00:00", "symbol": "GOOGL", "side": "bid", "price": 150.82, "size": 132, "operation": "update"}
{"timestamp": "2025-07-28T12:10:04.899824+00:00", "symbol": "GOOGL", "side": "ask", "price": 150.85, "size": 135, "operation": "update"}
{"timestamp": "2025-07-28T12:10:04.943027+00:00", "symbol": "GOOGL", "side": "bid", "price": 150.88, "size": 138, "operation": "update"}
{"timestamp": "2025-07-28T12:10:04.984768+00:00", "symbol": "GOOGL", "side": "ask", "price": 150.91, "size": 141, "operation": "update"}
{"timestamp": "2025-07-28T12:10:05.028407+00:00", "symbol": "GOOGL", "side": "bid", "price": 150.94, "size": 144, "operation": "update"}
{"timestamp": "2025-07-28T12:10:05.068370+00:00", "symbol": "GOOGL", "side": "ask", "price": 150.97, "size": 147, "operation": "update"}
{"timestamp": "2025-07-28T12:10:05.109831+00:00", "symbol": "GOOGL", "side": "bid", "price": 150.0, "size": 100, "operation": "update"}
{"timestamp": "2025-07-28T12:10:05.150392+00:00", "symbol": "GOOGL", "side": "ask", "price": 150.03, "size": 103, "operation": "update"}
{"timestamp": "2025-07-28T12:10:05.192987+00:00", "symbol": "GOOGL", "side": "bid", "price": 150.06, "size": 106, "operation": "update"}
{"timestamp": "2025-07-28T12:10:05.234372+00:00", "symbol": "GOOGL", "side": "ask", "price": 150.09, "size": 109, "operation": "update"}
{"timestamp": "2025-07-28T12:10:05.276304+00:00", "symbol": "GOOGL", "side": "bid", "price": 150.12, "size": 112, "operation": "update"}
{"timestamp": "2025-07-28T12:10:05.317080+00:00", "symbol": "GOOGL", "side": "ask", "price": 150.15, "size": 115, "operation": "update"}
{"timestamp": "2025-07-28T12:10:05.357546+00:00", "symbol": "GOOGL", "side": "bid", "price": 150.18, "size": 118, "operation": "update"}
{"timestamp": "2025-07-28T12:10:05.398404+00:00", "symbol": "GOOGL", "side": "ask", "price": 150.21, "size": 121, "operation": "update"}
{"timestamp": "2025-07-28T12:10:05.438630+00:00", "symbol": "GOOGL", "side": "bid", "price": 150.24, "size": 124, "operation": "update"}
{"timestamp": "2025-07-28T12:10:05.478572+00:00", "symbol": "GOOGL", "side": "ask", "price": 150.27, "size": 127, "operation": "update"}
{"timestamp": "2025-07-28T12:10:05.519074+00:00", "symbol": "GOOGL", "side": "bid", "price": 150.3, "size": 130, "operation": "update"}
{"timestamp": "2025-07-28T12:10:05.559999+00:00", "symbol": "GOOGL", "side": "ask", "price": 150.33, "size": 133, "operation": "update"}
{"timestamp": "2025-07-28T12:10:05.601118+00:00", "symbol": "GOOGL", "side": "bid", "price": 150.36, "size": 136, "operation": "update"}
{"timestamp": "2025-07-28T12:10:05.643745+00:00", "symbol": "GOOGL", "side": "ask", "price": 150.39, "size": 139, "operation": "update"}
{"timestamp": "2025-07-28T12:10:05.683922+00:00", "symbol": "GOOGL", "side": "bid", "price": 150.42, "size": 142, "operation": "update"}
{"timestamp": "2025-07-28T12:10:05.725017+00:00", "symbol": "GOOGL", "side": "ask", "price": 150.45, "size": 145, "operation": "update"}
{"timestamp": "2025-07-28T12:10:05.766832+00:00", "symbol": "GOOGL", "side": "bid", "price": 150.48, "size": 148, "operation": "update"}
{"timestamp": "2025-07-28T12:10:05.811941+00:00", "symbol": "GOOGL", "side": "ask", "price": 150.51, "size": 101, "operation": "update"}
{"timestamp": "2025-07-28T12:10:05.852580+00:00", "symbol": "GOOGL", "side": "bid", "price": 150.54, "size": 104, "operation": "update"}
{"timestamp": "2025-07-28T12:10:05.893135+00:00", "symbol": "GOOGL", "side": "ask", "price": 150.57, "size": 107, "operation": "update"}
{"timestamp": "2025-07-28T12:10:05.934128+00:00", "symbol": "GOOGL", "side": "bid", "price": 150.6, "size": 110, "operation": "update"}
{"timestamp": "2025-07-28T12:10:05.977102+00:00", "symbol": "GOOGL", "side": "ask", "price": 150.63, "size": 113, "operation": "update"}
{"timestamp": "2025-07-28T12:10:06.019969+00:00", "symbol": "GOOGL", "side": "bid", "price": 150.66, "size": 116, "operation": "update"}
{"timestamp": "2025-07-28T12:10:06.062828+00:00", "symbol": "GOOGL", "side": "ask", "price": 150.69, "size": 119, "operation": "update"}
{"timestamp": "2025-07-28T12:10:06.104024+00:00", "symbol": "GOOGL", "side": "bid", "price": 150.72, "size": 122, "operation": "update"}
{"timestamp": "2025-07-28T12:10:06.145619+00:00", "symbol": "GOOGL", "side": "ask", "price": 150.75, "size": 125, "operation": "update"}
{"timestamp": "2025-07-28T12:10:06.188161+00:00", "symbol": "GOOGL", "side": "bid", "price": 150.78, "size": 128, "operation": "update"}
{"timestamp": "2025-07-28T12:10:06.228943+00:00", "symbol": "GOOGL", "side": "ask", "price": 150.81, "size": 131, "operation": "update"}
{"timestamp": "2025-07-28T12:10:06.268968+00:00", "symbol": "GOOGL", "side": "bid", "price": 150.84, "size": 134, "operation": "update"}
{"timestamp": "2025-07-28T12:10:06.309091+00:00", "symbol": "GOOGL", "side": "ask", "price": 150.87, "size": 137, "operation": "update"}
{"timestamp": "2025-07-28T12:10:06.349392+00:00", "symbol": "GOOGL", "side": "bid", "price": 150.9, "size": 140, "operation": "update"}
{"timestamp": "2025-07-28T12:10:06.390357+00:00", "symbol": "GOOGL", "side": "ask", "price": 150.93, "size": 143, "operation": "update"}
{"timestamp": "2025-07-28T12:10:06.431296+00:00", "symbol": "GOOGL", "side": "bid", "price": 150.96, "size": 146, "operation": "update"}
{"timestamp": "2025-07-28T12:10:06.471276+00:00", "symbol": "GOOGL", "side": "ask", "price": 150.99, "size": 149, "operation": "update"}
{"timestamp": "2025-07-28T12:10:06.512202+00:00", "symbol": "GOOGL", "side": "bid", "price": 150.02, "size": 102, "operation": "update"}
{"timestamp": "2025-07-28T12:10:06.553420+00:00", "symbol": "GOOGL", "side": "ask", "price": 150.05, "size": 105, "operation": "update"}
{"timestamp": "2025-07-28T12:10:06.594441+00:00", "symbol": "GOOGL", "side": "bid", "price": 150.08, "size": 108, "operation": "update"}
{"timestamp": "2025-07-28T12:10:06.634056+00:00", "symbol": "GOOGL", "side": "ask", "price": 150.11, "size": 111, "operation": "update"}
{"timestamp": "2025-07-28T12:10:06.672736+00:00", "symbol": "GOOGL", "side": "bid", "price": 150.14, "size": 114, "operation": "update"}
{"timestamp": "2025-07-28T12:10:06.711787+00:00", "symbol": "GOOGL", "side": "ask", "price": 150.17, "size": 117, "operation": "update"}
{"timestamp": "2025-07-28T12:10:06.751913+00:00", "symbol": "GOOGL", "side": "bid", "price": 150.2, "size": 120, "operation": "update"}
{"timestamp": "2025-07-28T12:10:06.791127+00:00", "symbol": "GOOGL", "side": "ask", "price": 150.23, "size": 123, "operation": "update"}
{"timestamp": "2025-07-28T12:10:06.830843+00:00", "symbol": "GOOGL", "side": "bid", "price": 150.26, "size": 126, "operation": "update"}
{"timestamp": "2025-07-28T12:10:06.870738+00:00", "symbol": "GOOGL", "side": "ask", "price": 150.29, "size": 129, "operation": "update"}
{"timestamp": "2025-07-28T12:10:06.910804+00:00", "symbol": "GOOGL", "side": "bid", "price": 150.32, "size": 132, "operation": "update"}
{"timestamp": "2025-07-28T12:10:06.950120+00:00", "symbol": "GOOGL", "side": "ask", "price": 150.35, "size": 135, "operation": "update"}
{"timestamp": "2025-07-28T12:10:06.990161+00:00", "symbol": "GOOGL", "side": "bid", "price": 150.38, "size": 138, "operation": "update"}
{"timestamp": "2025-07-28T12:10:07.030150+00:00", "symbol": "GOOGL", "side": "ask", "price": 150.41, "size": 141, "operation": "update"}
{"timestamp": "2025-07-28T12:10:07.072438+00:00", "symbol": "GOOGL", "side": "bid", "price": 150.44, "size": 144, "operation": "update"}
{"timestamp": "2025-07-28T12:10:07.113136+00:00", "symbol": "GOOGL", "side": "ask", "price": 150.47, "size": 147, "operation": "update"}
{"timestamp": "2025-07-28T12:10:07.155031+00:00", "symbol": "GOOGL", "side": "bid", "price": 150.5, "size": 100, "operation": "update"}
{"timestamp": "2025-07-28T12:10:07.194574+00:00", "symbol": "GOOGL", "side": "ask", "price": 150.53, "size": 103, "operation": "update"}
{"timestamp": "2025-07-28T12:10:07.234298+00:00", "symbol": "GOOGL", "side": "bid", "price": 150.56, "size": 106, "operation": "update"}
{"timestamp": "2025-07-28T12:10:07.273473+00:00", "symbol": "GOOGL", "side": "ask", "price": 150.59, "size": 109, "operation": "update"}
{"timestamp": "2025-07-28T12:10:07.313240+00:00", "symbol": "GOOGL", "side": "bid", "price": 150.62, "size": 112, "operation": "update"}
{"timestamp": "2025-07-28T12:10:07.353228+00:00", "symbol": "GOOGL", "side": "ask", "price": 150.65, "size": 115, "operation": "update"}
{"timestamp": "2025-07-28T12:10:07.392519+00:00", "symbol": "GOOGL", "side": "bid", "price": 150.68, "size": 118, "operation": "update"}
{"timestamp": "2025-07-28T12:10:07.432214+00:00", "symbol": "GOOGL", "side": "ask", "price": 150.71, "size": 121, "operation": "update"}
{"timestamp": "2025-07-28T12:10:07.473282+00:00", "symbol": "GOOGL", "side": "bid", "price": 150.74, "size": 124, "operation": "update"}
{"timestamp": "2025-07-28T12:10:07.513357+00:00", "symbol": "GOOGL", "side": "ask", "price": 150.77, "size": 127, "operation": "update"}
{"timestamp": "2025-07-28T12:10:07.553154+00:00", "symbol": "GOOGL", "side": "bid", "price": 150.8, "size": 130, "operation": "update"}
{"timestamp": "2025-07-28T12:10:07.593838+00:00", "symbol": "GOOGL", "side": "ask", "price": 150.83, "size": 133, "operation": "update"}
{"timestamp": "2025-07-28T12:10:07.634734+00:00", "symbol": "GOOGL", "side": "bid", "price": 150.86, "size": 136, "operation": "update"}
{"timestamp": "2025-07-28T12:10:07.674753+00:00", "symbol": "GOOGL", "side": "ask", "price": 150.89, "size": 139, "operation": "update"}
