{"timestamp": "2025-07-28T12:09:38.110793+00:00", "symbol": "MSFT", "side": "ask", "price": 150.01, "size": 101, "operation": "update"}
{"timestamp": "2025-07-28T12:09:38.150810+00:00", "symbol": "MSFT", "side": "bid", "price": 150.04, "size": 104, "operation": "update"}
{"timestamp": "2025-07-28T12:09:38.191682+00:00", "symbol": "MSFT", "side": "ask", "price": 150.07, "size": 107, "operation": "update"}
{"timestamp": "2025-07-28T12:09:38.233409+00:00", "symbol": "MSFT", "side": "bid", "price": 150.1, "size": 110, "operation": "update"}
{"timestamp": "2025-07-28T12:09:38.273034+00:00", "symbol": "MSFT", "side": "ask", "price": 150.13, "size": 113, "operation": "update"}
{"timestamp": "2025-07-28T12:09:38.312111+00:00", "symbol": "MSFT", "side": "bid", "price": 150.16, "size": 116, "operation": "update"}
{"timestamp": "2025-07-28T12:09:38.354561+00:00", "symbol": "MSFT", "side": "ask", "price": 150.19, "size": 119, "operation": "update"}
{"timestamp": "2025-07-28T12:09:38.394352+00:00", "symbol": "MSFT", "side": "bid", "price": 150.22, "size": 122, "operation": "update"}
{"timestamp": "2025-07-28T12:09:38.434518+00:00", "symbol": "MSFT", "side": "ask", "price": 150.25, "size": 125, "operation": "update"}
{"timestamp": "2025-07-28T12:09:38.475854+00:00", "symbol": "MSFT", "side": "bid", "price": 150.28, "size": 128, "operation": "update"}
{"timestamp": "2025-07-28T12:09:38.515400+00:00", "symbol": "MSFT", "side": "ask", "price": 150.31, "size": 131, "operation": "update"}
{"timestamp": "2025-07-28T12:09:38.556115+00:00", "symbol": "MSFT", "side": "bid", "price": 150.34, "size": 134, "operation": "update"}
{"timestamp": "2025-07-28T12:09:38.598266+00:00", "symbol": "MSFT", "side": "ask", "price": 150.37, "size": 137, "operation": "update"}
{"timestamp": "2025-07-28T12:09:38.639740+00:00", "symbol": "MSFT", "side": "bid", "price": 150.4, "size": 140, "operation": "update"}
{"timestamp": "2025-07-28T12:09:38.679548+00:00", "symbol": "MSFT", "side": "ask", "price": 150.43, "size": 143, "operation": "update"}
{"timestamp": "2025-07-28T12:09:38.719969+00:00", "symbol": "MSFT", "side": "bid", "price": 150.46, "size": 146, "operation": "update"}
{"timestamp": "2025-07-28T12:09:38.759963+00:00", "symbol": "MSFT", "side": "ask", "price": 150.49, "size": 149, "operation": "update"}
{"timestamp": "2025-07-28T12:09:38.799215+00:00", "symbol": "MSFT", "side": "bid", "price": 150.52, "size": 102, "operation": "update"}
{"timestamp": "2025-07-28T12:09:38.839508+00:00", "symbol": "MSFT", "side": "ask", "price": 150.55, "size": 105, "operation": "update"}
{"timestamp": "2025-07-28T12:09:38.879507+00:00", "symbol": "MSFT", "side": "bid", "price": 150.58, "size": 108, "operation": "update"}
{"timestamp": "2025-07-28T12:09:38.920584+00:00", "symbol": "MSFT", "side": "ask", "price": 150.61, "size": 111, "operation": "update"}
{"timestamp": "2025-07-28T12:09:38.962029+00:00", "symbol": "MSFT", "side": "bid", "price": 150.64, "size": 114, "operation": "update"}
{"timestamp": "2025-07-28T12:09:39.001735+00:00", "symbol": "MSFT", "side": "ask", "price": 150.67, "size": 117, "operation": "update"}
{"timestamp": "2025-07-28T12:09:39.041550+00:00", "symbol": "MSFT", "side": "bid", "price": 150.7, "size": 120, "operation": "update"}
{"timestamp": "2025-07-28T12:09:39.081495+00:00", "symbol": "MSFT", "side": "ask", "price": 150.73, "size": 123, "operation": "update"}
{"timestamp": "2025-07-28T12:09:39.122754+00:00", "symbol": "MSFT", "side": "bid", "price": 150.76, "size": 126, "operation": "update"}
{"timestamp": "2025-07-28T12:09:39.164258+00:00", "symbol": "MSFT", "side": "ask", "price": 150.79, "size": 129, "operation": "update"}
{"timestamp": "2025-07-28T12:09:39.203555+00:00", "symbol": "MSFT", "side": "bid", "price": 150.82, "size": 132, "operation": "update"}
{"timestamp": "2025-07-28T12:09:39.245372+00:00", "symbol": "MSFT", "side": "ask", "price": 150.85, "size": 135, "operation": "update"}
{"timestamp": "2025-07-28T12:09:39.291460+00:00", "symbol": "MSFT", "side": "bid", "price": 150.88, "size": 138, "operation": "update"}
{"timestamp": "2025-07-28T12:09:39.331644+00:00", "symbol": "MSFT", "side": "ask", "price": 150.91, "size": 141, "operation": "update"}
{"timestamp": "2025-07-28T12:09:39.372536+00:00", "symbol": "MSFT", "side": "bid", "price": 150.94, "size": 144, "operation": "update"}
{"timestamp": "2025-07-28T12:09:39.413015+00:00", "symbol": "MSFT", "side": "ask", "price": 150.97, "size": 147, "operation": "update"}
{"timestamp": "2025-07-28T12:09:39.452979+00:00", "symbol": "MSFT", "side": "bid", "price": 150.0, "size": 100, "operation": "update"}
{"timestamp": "2025-07-28T12:09:39.492966+00:00", "symbol": "MSFT", "side": "ask", "price": 150.03, "size": 103, "operation": "update"}
{"timestamp": "2025-07-28T12:09:39.533630+00:00", "symbol": "MSFT", "side": "bid", "price": 150.06, "size": 106, "operation": "update"}
{"timestamp": "2025-07-28T12:09:39.574281+00:00", "symbol": "MSFT", "side": "ask", "price": 150.09, "size": 109, "operation": "update"}
{"timestamp": "2025-07-28T12:09:39.614691+00:00", "symbol": "MSFT", "side": "bid", "price": 150.12, "size": 112, "operation": "update"}
{"timestamp": "2025-07-28T12:09:39.654600+00:00", "symbol": "MSFT", "side": "ask", "price": 150.15, "size": 115, "operation": "update"}
{"timestamp": "2025-07-28T12:09:39.694506+00:00", "symbol": "MSFT", "side": "bid", "price": 150.18, "size": 118, "operation": "update"}
{"timestamp": "2025-07-28T12:09:39.736147+00:00", "symbol": "MSFT", "side": "ask", "price": 150.21, "size": 121, "operation": "update"}
{"timestamp": "2025-07-28T12:09:39.776167+00:00", "symbol": "MSFT", "side": "bid", "price": 150.24, "size": 124, "operation": "update"}
{"timestamp": "2025-07-28T12:09:39.816505+00:00", "symbol": "MSFT", "side": "ask", "price": 150.27, "size": 127, "operation": "update"}
{"timestamp": "2025-07-28T12:09:39.857627+00:00", "symbol": "MSFT", "side": "bid", "price": 150.3, "size": 130, "operation": "update"}
{"timestamp": "2025-07-28T12:09:39.897552+00:00", "symbol": "MSFT", "side": "ask", "price": 150.33, "size": 133, "operation": "update"}
{"timestamp": "2025-07-28T12:09:39.937318+00:00", "symbol": "MSFT", "side": "bid", "price": 150.36, "size": 136, "operation": "update"}
{"timestamp": "2025-07-28T12:09:39.977775+00:00", "symbol": "MSFT", "side": "ask", "price": 150.39, "size": 139, "operation": "update"}
{"timestamp": "2025-07-28T12:09:40.017484+00:00", "symbol": "MSFT", "side": "bid", "price": 150.42, "size": 142, "operation": "update"}
{"timestamp": "2025-07-28T12:09:40.056923+00:00", "symbol": "MSFT", "side": "ask", "price": 150.45, "size": 145, "operation": "update"}
{"timestamp": "2025-07-28T12:09:40.098393+00:00", "symbol": "MSFT", "side": "bid", "price": 150.48, "size": 148, "operation": "update"}
{"timestamp": "2025-07-28T12:09:40.137756+00:00", "symbol": "MSFT", "side": "ask", "price": 150.51, "size": 101, "operation": "update"}
{"timestamp": "2025-07-28T12:09:40.178074+00:00", "symbol": "MSFT", "side": "bid", "price": 150.54, "size": 104, "operation": "update"}
{"timestamp": "2025-07-28T12:09:40.219497+00:00", "symbol": "MSFT", "side": "ask", "price": 150.57, "size": 107, "operation": "update"}
{"timestamp": "2025-07-28T12:09:40.258450+00:00", "symbol": "MSFT", "side": "bid", "price": 150.6, "size": 110, "operation": "update"}
{"timestamp": "2025-07-28T12:09:40.298477+00:00", "symbol": "MSFT", "side": "ask", "price": 150.63, "size": 113, "operation": "update"}
{"timestamp": "2025-07-28T12:09:40.339179+00:00", "symbol": "MSFT", "side": "bid", "price": 150.66, "size": 116, "operation": "update"}
{"timestamp": "2025-07-28T12:09:40.379769+00:00", "symbol": "MSFT", "side": "ask", "price": 150.69, "size": 119, "operation": "update"}
{"timestamp": "2025-07-28T12:09:40.418943+00:00", "symbol": "MSFT", "side": "bid", "price": 150.72, "size": 122, "operation": "update"}
{"timestamp": "2025-07-28T12:09:40.459587+00:00", "symbol": "MSFT", "side": "ask", "price": 150.75, "size": 125, "operation": "update"}
{"timestamp": "2025-07-28T12:09:40.498918+00:00", "symbol": "MSFT", "side": "bid", "price": 150.78, "size": 128, "operation": "update"}
{"timestamp": "2025-07-28T12:09:40.539615+00:00", "symbol": "MSFT", "side": "ask", "price": 150.81, "size": 131, "operation": "update"}
{"timestamp": "2025-07-28T12:09:40.581639+00:00", "symbol": "MSFT", "side": "bid", "price": 150.84, "size": 134, "operation": "update"}
{"timestamp": "2025-07-28T12:09:40.622542+00:00", "symbol": "MSFT", "side": "ask", "price": 150.87, "size": 137, "operation": "update"}
{"timestamp": "2025-07-28T12:09:40.662868+00:00", "symbol": "MSFT", "side": "bid", "price": 150.9, "size": 140, "operation": "update"}
{"timestamp": "2025-07-28T12:09:40.702893+00:00", "symbol": "MSFT", "side": "ask", "price": 150.93, "size": 143, "operation": "update"}
{"timestamp": "2025-07-28T12:09:40.742612+00:00", "symbol": "MSFT", "side": "bid", "price": 150.96, "size": 146, "operation": "update"}
{"timestamp": "2025-07-28T12:09:40.781791+00:00", "symbol": "MSFT", "side": "ask", "price": 150.99, "size": 149, "operation": "update"}
{"timestamp": "2025-07-28T12:09:40.822531+00:00", "symbol": "MSFT", "side": "bid", "price": 150.02, "size": 102, "operation": "update"}
{"timestamp": "2025-07-28T12:09:40.861819+00:00", "symbol": "MSFT", "side": "ask", "price": 150.05, "size": 105, "operation": "update"}
{"timestamp": "2025-07-28T12:09:40.901802+00:00", "symbol": "MSFT", "side": "bid", "price": 150.08, "size": 108, "operation": "update"}
{"timestamp": "2025-07-28T12:09:40.943661+00:00", "symbol": "MSFT", "side": "ask", "price": 150.11, "size": 111, "operation": "update"}
{"timestamp": "2025-07-28T12:09:40.984719+00:00", "symbol": "MSFT", "side": "bid", "price": 150.14, "size": 114, "operation": "update"}
{"timestamp": "2025-07-28T12:09:41.025389+00:00", "symbol": "MSFT", "side": "ask", "price": 150.17, "size": 117, "operation": "update"}
{"timestamp": "2025-07-28T12:09:41.065078+00:00", "symbol": "MSFT", "side": "bid", "price": 150.2, "size": 120, "operation": "update"}
{"timestamp": "2025-07-28T12:09:41.104305+00:00", "symbol": "MSFT", "side": "ask", "price": 150.23, "size": 123, "operation": "update"}
{"timestamp": "2025-07-28T12:09:41.144862+00:00", "symbol": "MSFT", "side": "bid", "price": 150.26, "size": 126, "operation": "update"}
{"timestamp": "2025-07-28T12:09:41.187477+00:00", "symbol": "MSFT", "side": "ask", "price": 150.29, "size": 129, "operation": "update"}
{"timestamp": "2025-07-28T12:09:41.227568+00:00", "symbol": "MSFT", "side": "bid", "price": 150.32, "size": 132, "operation": "update"}
{"timestamp": "2025-07-28T12:09:41.267150+00:00", "symbol": "MSFT", "side": "ask", "price": 150.35, "size": 135, "operation": "update"}
{"timestamp": "2025-07-28T12:09:41.309037+00:00", "symbol": "MSFT", "side": "bid", "price": 150.38, "size": 138, "operation": "update"}
{"timestamp": "2025-07-28T12:09:41.348814+00:00", "symbol": "MSFT", "side": "ask", "price": 150.41, "size": 141, "operation": "update"}
{"timestamp": "2025-07-28T12:09:41.388204+00:00", "symbol": "MSFT", "side": "bid", "price": 150.44, "size": 144, "operation": "update"}
{"timestamp": "2025-07-28T12:09:41.429280+00:00", "symbol": "MSFT", "side": "ask", "price": 150.47, "size": 147, "operation": "update"}
{"timestamp": "2025-07-28T12:09:41.470673+00:00", "symbol": "MSFT", "side": "bid", "price": 150.5, "size": 100, "operation": "update"}
{"timestamp": "2025-07-28T12:09:41.509762+00:00", "symbol": "MSFT", "side": "ask", "price": 150.53, "size": 103, "operation": "update"}
{"timestamp": "2025-07-28T12:09:41.552153+00:00", "symbol": "MSFT", "side": "bid", "price": 150.56, "size": 106, "operation": "update"}
{"timestamp": "2025-07-28T12:09:41.592747+00:00", "symbol": "MSFT", "side": "ask", "price": 150.59, "size": 109, "operation": "update"}
{"timestamp": "2025-07-28T12:09:41.632668+00:00", "symbol": "MSFT", "side": "bid", "price": 150.62, "size": 112, "operation": "update"}
{"timestamp": "2025-07-28T12:09:41.672681+00:00", "symbol": "MSFT", "side": "ask", "price": 150.65, "size": 115, "operation": "update"}
{"timestamp": "2025-07-28T12:09:41.713187+00:00", "symbol": "MSFT", "side": "bid", "price": 150.68, "size": 118, "operation": "update"}
{"timestamp": "2025-07-28T12:09:41.752287+00:00", "symbol": "MSFT", "side": "ask", "price": 150.71, "size": 121, "operation": "update"}
{"timestamp": "2025-07-28T12:09:41.792566+00:00", "symbol": "MSFT", "side": "bid", "price": 150.74, "size": 124, "operation": "update"}
{"timestamp": "2025-07-28T12:09:41.833505+00:00", "symbol": "MSFT", "side": "ask", "price": 150.77, "size": 127, "operation": "update"}
{"timestamp": "2025-07-28T12:09:41.872322+00:00", "symbol": "MSFT", "side": "bid", "price": 150.8, "size": 130, "operation": "update"}
{"timestamp": "2025-07-28T12:09:41.913283+00:00", "symbol": "MSFT", "side": "ask", "price": 150.83, "size": 133, "operation": "update"}
{"timestamp": "2025-07-28T12:09:41.953900+00:00", "symbol": "MSFT", "side": "bid", "price": 150.86, "size": 136, "operation": "update"}
{"timestamp": "2025-07-28T12:09:41.994760+00:00", "symbol": "MSFT", "side": "ask", "price": 150.89, "size": 139, "operation": "update"}
{"timestamp": "2025-07-28T12:09:42.044736+00:00", "symbol": "MSFT", "side": "bid", "price": 150.92, "size": 142, "operation": "update"}
{"timestamp": "2025-07-28T12:09:42.086280+00:00", "symbol": "MSFT", "side": "ask", "price": 150.95, "size": 145, "operation": "update"}
{"timestamp": "2025-07-28T12:09:42.125229+00:00", "symbol": "MSFT", "side": "bid", "price": 150.98, "size": 148, "operation": "update"}
{"timestamp": "2025-07-28T12:09:42.168331+00:00", "symbol": "MSFT", "side": "ask", "price": 150.01, "size": 101, "operation": "update"}
{"timestamp": "2025-07-28T12:09:42.208512+00:00", "symbol": "MSFT", "side": "bid", "price": 150.04, "size": 104, "operation": "update"}
{"timestamp": "2025-07-28T12:09:42.248215+00:00", "symbol": "MSFT", "side": "ask", "price": 150.07, "size": 107, "operation": "update"}
{"timestamp": "2025-07-28T12:09:42.288468+00:00", "symbol": "MSFT", "side": "bid", "price": 150.1, "size": 110, "operation": "update"}
{"timestamp": "2025-07-28T12:09:42.327789+00:00", "symbol": "MSFT", "side": "ask", "price": 150.13, "size": 113, "operation": "update"}
{"timestamp": "2025-07-28T12:09:42.367682+00:00", "symbol": "MSFT", "side": "bid", "price": 150.16, "size": 116, "operation": "update"}
{"timestamp": "2025-07-28T12:09:42.407922+00:00", "symbol": "MSFT", "side": "ask", "price": 150.19, "size": 119, "operation": "update"}
{"timestamp": "2025-07-28T12:09:42.450327+00:00", "symbol": "MSFT", "side": "bid", "price": 150.22, "size": 122, "operation": "update"}
{"timestamp": "2025-07-28T12:09:42.489208+00:00", "symbol": "MSFT", "side": "ask", "price": 150.25, "size": 125, "operation": "update"}
{"timestamp": "2025-07-28T12:09:42.528278+00:00", "symbol": "MSFT", "side": "bid", "price": 150.28, "size": 128, "operation": "update"}
{"timestamp": "2025-07-28T12:09:42.568423+00:00", "symbol": "MSFT", "side": "ask", "price": 150.31, "size": 131, "operation": "update"}
{"timestamp": "2025-07-28T12:09:42.607191+00:00", "symbol": "MSFT", "side": "bid", "price": 150.34, "size": 134, "operation": "update"}
{"timestamp": "2025-07-28T12:09:42.648464+00:00", "symbol": "MSFT", "side": "ask", "price": 150.37, "size": 137, "operation": "update"}
{"timestamp": "2025-07-28T12:09:42.687539+00:00", "symbol": "MSFT", "side": "bid", "price": 150.4, "size": 140, "operation": "update"}
{"timestamp": "2025-07-28T12:09:42.726838+00:00", "symbol": "MSFT", "side": "ask", "price": 150.43, "size": 143, "operation": "update"}
{"timestamp": "2025-07-28T12:09:42.769165+00:00", "symbol": "MSFT", "side": "bid", "price": 150.46, "size": 146, "operation": "update"}
{"timestamp": "2025-07-28T12:09:42.809673+00:00", "symbol": "MSFT", "side": "ask", "price": 150.49, "size": 149, "operation": "update"}
{"timestamp": "2025-07-28T12:09:42.848793+00:00", "symbol": "MSFT", "side": "bid", "price": 150.52, "size": 102, "operation": "update"}
{"timestamp": "2025-07-28T12:09:42.889399+00:00", "symbol": "MSFT", "side": "ask", "price": 150.55, "size": 105, "operation": "update"}
{"timestamp": "2025-07-28T12:09:42.928325+00:00", "symbol": "MSFT", "side": "bid", "price": 150.58, "size": 108, "operation": "update"}
{"timestamp": "2025-07-28T12:09:42.967939+00:00", "symbol": "MSFT", "side": "ask", "price": 150.61, "size": 111, "operation": "update"}
{"timestamp": "2025-07-28T12:09:43.007716+00:00", "symbol": "MSFT", "side": "bid", "price": 150.64, "size": 114, "operation": "update"}
{"timestamp": "2025-07-28T12:09:43.050241+00:00", "symbol": "MSFT", "side": "ask", "price": 150.67, "size": 117, "operation": "update"}
{"timestamp": "2025-07-28T12:09:43.089788+00:00", "symbol": "MSFT", "side": "bid", "price": 150.7, "size": 120, "operation": "update"}
{"timestamp": "2025-07-28T12:09:43.131622+00:00", "symbol": "MSFT", "side": "ask", "price": 150.73, "size": 123, "operation": "update"}
{"timestamp": "2025-07-28T12:09:43.171422+00:00", "symbol": "MSFT", "side": "bid", "price": 150.76, "size": 126, "operation": "update"}
{"timestamp": "2025-07-28T12:09:43.211669+00:00", "symbol": "MSFT", "side": "ask", "price": 150.79, "size": 129, "operation": "update"}
{"timestamp": "2025-07-28T12:09:43.252994+00:00", "symbol": "MSFT", "side": "bid", "price": 150.82, "size": 132, "operation": "update"}
{"timestamp": "2025-07-28T12:09:43.293448+00:00", "symbol": "MSFT", "side": "ask", "price": 150.85, "size": 135, "operation": "update"}
{"timestamp": "2025-07-28T12:09:43.331942+00:00", "symbol": "MSFT", "side": "bid", "price": 150.88, "size": 138, "operation": "update"}
{"timestamp": "2025-07-28T12:09:43.371580+00:00", "symbol": "MSFT", "side": "ask", "price": 150.91, "size": 141, "operation": "update"}
{"timestamp": "2025-07-28T12:09:43.411446+00:00", "symbol": "MSFT", "side": "bid", "price": 150.94, "size": 144, "operation": "update"}
{"timestamp": "2025-07-28T12:09:43.451498+00:00", "symbol": "MSFT", "side": "ask", "price": 150.97, "size": 147, "operation": "update"}
{"timestamp": "2025-07-28T12:09:43.491391+00:00", "symbol": "MSFT", "side": "bid", "price": 150.0, "size": 100, "operation": "update"}
{"timestamp": "2025-07-28T12:09:43.531316+00:00", "symbol": "MSFT", "side": "ask", "price": 150.03, "size": 103, "operation": "update"}
{"timestamp": "2025-07-28T12:09:43.571256+00:00", "symbol": "MSFT", "side": "bid", "price": 150.06, "size": 106, "operation": "update"}
{"timestamp": "2025-07-28T12:09:43.611931+00:00", "symbol": "MSFT", "side": "ask", "price": 150.09, "size": 109, "operation": "update"}
{"timestamp": "2025-07-28T12:09:43.651107+00:00", "symbol": "MSFT", "side": "bid", "price": 150.12, "size": 112, "operation": "update"}
{"timestamp": "2025-07-28T12:09:43.689984+00:00", "symbol": "MSFT", "side": "ask", "price": 150.15, "size": 115, "operation": "update"}
{"timestamp": "2025-07-28T12:09:43.732025+00:00", "symbol": "MSFT", "side": "bid", "price": 150.18, "size": 118, "operation": "update"}
{"timestamp": "2025-07-28T12:09:43.771317+00:00", "symbol": "MSFT", "side": "ask", "price": 150.21, "size": 121, "operation": "update"}
{"timestamp": "2025-07-28T12:09:43.810396+00:00", "symbol": "MSFT", "side": "bid", "price": 150.24, "size": 124, "operation": "update"}
{"timestamp": "2025-07-28T12:09:43.851835+00:00", "symbol": "MSFT", "side": "ask", "price": 150.27, "size": 127, "operation": "update"}
{"timestamp": "2025-07-28T12:09:43.892693+00:00", "symbol": "MSFT", "side": "bid", "price": 150.3, "size": 130, "operation": "update"}
{"timestamp": "2025-07-28T12:09:43.932356+00:00", "symbol": "MSFT", "side": "ask", "price": 150.33, "size": 133, "operation": "update"}
{"timestamp": "2025-07-28T12:09:43.971507+00:00", "symbol": "MSFT", "side": "bid", "price": 150.36, "size": 136, "operation": "update"}
{"timestamp": "2025-07-28T12:09:44.011344+00:00", "symbol": "MSFT", "side": "ask", "price": 150.39, "size": 139, "operation": "update"}
{"timestamp": "2025-07-28T12:09:44.050587+00:00", "symbol": "MSFT", "side": "bid", "price": 150.42, "size": 142, "operation": "update"}
{"timestamp": "2025-07-28T12:09:44.091489+00:00", "symbol": "MSFT", "side": "ask", "price": 150.45, "size": 145, "operation": "update"}
{"timestamp": "2025-07-28T12:09:44.130614+00:00", "symbol": "MSFT", "side": "bid", "price": 150.48, "size": 148, "operation": "update"}
{"timestamp": "2025-07-28T12:09:44.169772+00:00", "symbol": "MSFT", "side": "ask", "price": 150.51, "size": 101, "operation": "update"}
{"timestamp": "2025-07-28T12:09:44.209855+00:00", "symbol": "MSFT", "side": "bid", "price": 150.54, "size": 104, "operation": "update"}
{"timestamp": "2025-07-28T12:09:44.257154+00:00", "symbol": "MSFT", "side": "ask", "price": 150.57, "size": 107, "operation": "update"}
{"timestamp": "2025-07-28T12:09:44.296293+00:00", "symbol": "MSFT", "side": "bid", "price": 150.6, "size": 110, "operation": "update"}
{"timestamp": "2025-07-28T12:09:44.335973+00:00", "symbol": "MSFT", "side": "ask", "price": 150.63, "size": 113, "operation": "update"}
{"timestamp": "2025-07-28T12:09:44.375686+00:00", "symbol": "MSFT", "side": "bid", "price": 150.66, "size": 116, "operation": "update"}
{"timestamp": "2025-07-28T12:09:44.415840+00:00", "symbol": "MSFT", "side": "ask", "price": 150.69, "size": 119, "operation": "update"}
{"timestamp": "2025-07-28T12:09:44.456400+00:00", "symbol": "MSFT", "side": "bid", "price": 150.72, "size": 122, "operation": "update"}
{"timestamp": "2025-07-28T12:09:44.498253+00:00", "symbol": "MSFT", "side": "ask", "price": 150.75, "size": 125, "operation": "update"}
{"timestamp": "2025-07-28T12:09:44.536881+00:00", "symbol": "MSFT", "side": "bid", "price": 150.78, "size": 128, "operation": "update"}
{"timestamp": "2025-07-28T12:09:44.578260+00:00", "symbol": "MSFT", "side": "ask", "price": 150.81, "size": 131, "operation": "update"}
{"timestamp": "2025-07-28T12:09:44.619807+00:00", "symbol": "MSFT", "side": "bid", "price": 150.84, "size": 134, "operation": "update"}
{"timestamp": "2025-07-28T12:09:44.660387+00:00", "symbol": "MSFT", "side": "ask", "price": 150.87, "size": 137, "operation": "update"}
{"timestamp": "2025-07-28T12:09:44.700138+00:00", "symbol": "MSFT", "side": "bid", "price": 150.9, "size": 140, "operation": "update"}
{"timestamp": "2025-07-28T12:09:44.739422+00:00", "symbol": "MSFT", "side": "ask", "price": 150.93, "size": 143, "operation": "update"}
{"timestamp": "2025-07-28T12:09:44.778521+00:00", "symbol": "MSFT", "side": "bid", "price": 150.96, "size": 146, "operation": "update"}
{"timestamp": "2025-07-28T12:09:44.819388+00:00", "symbol": "MSFT", "side": "ask", "price": 150.99, "size": 149, "operation": "update"}
{"timestamp": "2025-07-28T12:09:44.859487+00:00", "symbol": "MSFT", "side": "bid", "price": 150.02, "size": 102, "operation": "update"}
{"timestamp": "2025-07-28T12:09:44.899624+00:00", "symbol": "MSFT", "side": "ask", "price": 150.05, "size": 105, "operation": "update"}
{"timestamp": "2025-07-28T12:09:44.939605+00:00", "symbol": "MSFT", "side": "bid", "price": 150.08, "size": 108, "operation": "update"}
{"timestamp": "2025-07-28T12:09:44.979302+00:00", "symbol": "MSFT", "side": "ask", "price": 150.11, "size": 111, "operation": "update"}
{"timestamp": "2025-07-28T12:09:45.018770+00:00", "symbol": "MSFT", "side": "bid", "price": 150.14, "size": 114, "operation": "update"}
{"timestamp": "2025-07-28T12:09:45.060782+00:00", "symbol": "MSFT", "side": "ask", "price": 150.17, "size": 117, "operation": "update"}
{"timestamp": "2025-07-28T12:09:45.101929+00:00", "symbol": "MSFT", "side": "bid", "price": 150.2, "size": 120, "operation": "update"}
{"timestamp": "2025-07-28T12:09:45.142526+00:00", "symbol": "MSFT", "side": "ask", "price": 150.23, "size": 123, "operation": "update"}
{"timestamp": "2025-07-28T12:09:45.181716+00:00", "symbol": "MSFT", "side": "bid", "price": 150.26, "size": 126, "operation": "update"}
{"timestamp": "2025-07-28T12:09:45.221490+00:00", "symbol": "MSFT", "side": "ask", "price": 150.29, "size": 129, "operation": "update"}
{"timestamp": "2025-07-28T12:09:45.261855+00:00", "symbol": "MSFT", "side": "bid", "price": 150.32, "size": 132, "operation": "update"}
{"timestamp": "2025-07-28T12:09:45.302546+00:00", "symbol": "MSFT", "side": "ask", "price": 150.35, "size": 135, "operation": "update"}
{"timestamp": "2025-07-28T12:09:45.342518+00:00", "symbol": "MSFT", "side": "bid", "price": 150.38, "size": 138, "operation": "update"}
{"timestamp": "2025-07-28T12:09:45.381932+00:00", "symbol": "MSFT", "side": "ask", "price": 150.41, "size": 141, "operation": "update"}
{"timestamp": "2025-07-28T12:09:45.422346+00:00", "symbol": "MSFT", "side": "bid", "price": 150.44, "size": 144, "operation": "update"}
{"timestamp": "2025-07-28T12:09:45.461360+00:00", "symbol": "MSFT", "side": "ask", "price": 150.47, "size": 147, "operation": "update"}
{"timestamp": "2025-07-28T12:09:45.500188+00:00", "symbol": "MSFT", "side": "bid", "price": 150.5, "size": 100, "operation": "update"}
{"timestamp": "2025-07-28T12:09:45.540707+00:00", "symbol": "MSFT", "side": "ask", "price": 150.53, "size": 103, "operation": "update"}
{"timestamp": "2025-07-28T12:09:45.580844+00:00", "symbol": "MSFT", "side": "bid", "price": 150.56, "size": 106, "operation": "update"}
{"timestamp": "2025-07-28T12:09:45.620927+00:00", "symbol": "MSFT", "side": "ask", "price": 150.59, "size": 109, "operation": "update"}
{"timestamp": "2025-07-28T12:09:45.660526+00:00", "symbol": "MSFT", "side": "bid", "price": 150.62, "size": 112, "operation": "update"}
{"timestamp": "2025-07-28T12:09:45.700539+00:00", "symbol": "MSFT", "side": "ask", "price": 150.65, "size": 115, "operation": "update"}
{"timestamp": "2025-07-28T12:09:45.739757+00:00", "symbol": "MSFT", "side": "bid", "price": 150.68, "size": 118, "operation": "update"}
{"timestamp": "2025-07-28T12:09:45.779693+00:00", "symbol": "MSFT", "side": "ask", "price": 150.71, "size": 121, "operation": "update"}
{"timestamp": "2025-07-28T12:09:45.819857+00:00", "symbol": "MSFT", "side": "bid", "price": 150.74, "size": 124, "operation": "update"}
{"timestamp": "2025-07-28T12:09:45.859407+00:00", "symbol": "MSFT", "side": "ask", "price": 150.77, "size": 127, "operation": "update"}
{"timestamp": "2025-07-28T12:09:45.900571+00:00", "symbol": "MSFT", "side": "bid", "price": 150.8, "size": 130, "operation": "update"}
{"timestamp": "2025-07-28T12:09:45.941325+00:00", "symbol": "MSFT", "side": "ask", "price": 150.83, "size": 133, "operation": "update"}
{"timestamp": "2025-07-28T12:09:45.980891+00:00", "symbol": "MSFT", "side": "bid", "price": 150.86, "size": 136, "operation": "update"}
{"timestamp": "2025-07-28T12:09:46.020775+00:00", "symbol": "MSFT", "side": "ask", "price": 150.89, "size": 139, "operation": "update"}
{"timestamp": "2025-07-28T12:09:46.060635+00:00", "symbol": "MSFT", "side": "bid", "price": 150.92, "size": 142, "operation": "update"}
{"timestamp": "2025-07-28T12:09:46.100293+00:00", "symbol": "MSFT", "side": "ask", "price": 150.95, "size": 145, "operation": "update"}
{"timestamp": "2025-07-28T12:09:46.139677+00:00", "symbol": "MSFT", "side": "bid", "price": 150.98, "size": 148, "operation": "update"}
{"timestamp": "2025-07-28T12:09:46.179460+00:00", "symbol": "MSFT", "side": "ask", "price": 150.01, "size": 101, "operation": "update"}
{"timestamp": "2025-07-28T12:09:46.219700+00:00", "symbol": "MSFT", "side": "bid", "price": 150.04, "size": 104, "operation": "update"}
{"timestamp": "2025-07-28T12:09:46.260383+00:00", "symbol": "MSFT", "side": "ask", "price": 150.07, "size": 107, "operation": "update"}
{"timestamp": "2025-07-28T12:09:46.300662+00:00", "symbol": "MSFT", "side": "bid", "price": 150.1, "size": 110, "operation": "update"}
{"timestamp": "2025-07-28T12:09:46.340896+00:00", "symbol": "MSFT", "side": "ask", "price": 150.13, "size": 113, "operation": "update"}
{"timestamp": "2025-07-28T12:09:46.382090+00:00", "symbol": "MSFT", "side": "bid", "price": 150.16, "size": 116, "operation": "update"}
{"timestamp": "2025-07-28T12:09:46.422456+00:00", "symbol": "MSFT", "side": "ask", "price": 150.19, "size": 119, "operation": "update"}
{"timestamp": "2025-07-28T12:09:46.463077+00:00", "symbol": "MSFT", "side": "bid", "price": 150.22, "size": 122, "operation": "update"}
{"timestamp": "2025-07-28T12:09:46.503836+00:00", "symbol": "MSFT", "side": "ask", "price": 150.25, "size": 125, "operation": "update"}
{"timestamp": "2025-07-28T12:09:46.545782+00:00", "symbol": "MSFT", "side": "bid", "price": 150.28, "size": 128, "operation": "update"}
{"timestamp": "2025-07-28T12:09:46.586423+00:00", "symbol": "MSFT", "side": "ask", "price": 150.31, "size": 131, "operation": "update"}
{"timestamp": "2025-07-28T12:09:46.627494+00:00", "symbol": "MSFT", "side": "bid", "price": 150.34, "size": 134, "operation": "update"}
{"timestamp": "2025-07-28T12:09:46.667603+00:00", "symbol": "MSFT", "side": "ask", "price": 150.37, "size": 137, "operation": "update"}
{"timestamp": "2025-07-28T12:09:46.708705+00:00", "symbol": "MSFT", "side": "bid", "price": 150.4, "size": 140, "operation": "update"}
{"timestamp": "2025-07-28T12:09:46.751239+00:00", "symbol": "MSFT", "side": "ask", "price": 150.43, "size": 143, "operation": "update"}
{"timestamp": "2025-07-28T12:09:46.791281+00:00", "symbol": "MSFT", "side": "bid", "price": 150.46, "size": 146, "operation": "update"}
{"timestamp": "2025-07-28T12:09:46.831032+00:00", "symbol": "MSFT", "side": "ask", "price": 150.49, "size": 149, "operation": "update"}
{"timestamp": "2025-07-28T12:09:46.870685+00:00", "symbol": "MSFT", "side": "bid", "price": 150.52, "size": 102, "operation": "update"}
{"timestamp": "2025-07-28T12:09:46.910531+00:00", "symbol": "MSFT", "side": "ask", "price": 150.55, "size": 105, "operation": "update"}
{"timestamp": "2025-07-28T12:09:46.950373+00:00", "symbol": "MSFT", "side": "bid", "price": 150.58, "size": 108, "operation": "update"}
{"timestamp": "2025-07-28T12:09:46.990253+00:00", "symbol": "MSFT", "side": "ask", "price": 150.61, "size": 111, "operation": "update"}
{"timestamp": "2025-07-28T12:09:47.030463+00:00", "symbol": "MSFT", "side": "bid", "price": 150.64, "size": 114, "operation": "update"}
{"timestamp": "2025-07-28T12:09:47.069954+00:00", "symbol": "MSFT", "side": "ask", "price": 150.67, "size": 117, "operation": "update"}
{"timestamp": "2025-07-28T12:09:47.111203+00:00", "symbol": "MSFT", "side": "bid", "price": 150.7, "size": 120, "operation": "update"}
{"timestamp": "2025-07-28T12:09:47.150807+00:00", "symbol": "MSFT", "side": "ask", "price": 150.73, "size": 123, "operation": "update"}
{"timestamp": "2025-07-28T12:09:47.190953+00:00", "symbol": "MSFT", "side": "bid", "price": 150.76, "size": 126, "operation": "update"}
{"timestamp": "2025-07-28T12:09:47.233341+00:00", "symbol": "MSFT", "side": "ask", "price": 150.79, "size": 129, "operation": "update"}
{"timestamp": "2025-07-28T12:09:47.274528+00:00", "symbol": "MSFT", "side": "bid", "price": 150.82, "size": 132, "operation": "update"}
{"timestamp": "2025-07-28T12:09:47.314909+00:00", "symbol": "MSFT", "side": "ask", "price": 150.85, "size": 135, "operation": "update"}
{"timestamp": "2025-07-28T12:09:47.355664+00:00", "symbol": "MSFT", "side": "bid", "price": 150.88, "size": 138, "operation": "update"}
{"timestamp": "2025-07-28T12:09:47.395560+00:00", "symbol": "MSFT", "side": "ask", "price": 150.91, "size": 141, "operation": "update"}
{"timestamp": "2025-07-28T12:09:47.434791+00:00", "symbol": "MSFT", "side": "bid", "price": 150.94, "size": 144, "operation": "update"}
{"timestamp": "2025-07-28T12:09:47.475280+00:00", "symbol": "MSFT", "side": "ask", "price": 150.97, "size": 147, "operation": "update"}
{"timestamp": "2025-07-28T12:09:47.514289+00:00", "symbol": "MSFT", "side": "bid", "price": 150.0, "size": 100, "operation": "update"}
{"timestamp": "2025-07-28T12:09:47.554582+00:00", "symbol": "MSFT", "side": "ask", "price": 150.03, "size": 103, "operation": "update"}
{"timestamp": "2025-07-28T12:09:47.594681+00:00", "symbol": "MSFT", "side": "bid", "price": 150.06, "size": 106, "operation": "update"}
{"timestamp": "2025-07-28T12:09:47.635083+00:00", "symbol": "MSFT", "side": "ask", "price": 150.09, "size": 109, "operation": "update"}
{"timestamp": "2025-07-28T12:09:47.674817+00:00", "symbol": "MSFT", "side": "bid", "price": 150.12, "size": 112, "operation": "update"}
{"timestamp": "2025-07-28T12:09:47.716754+00:00", "symbol": "MSFT", "side": "ask", "price": 150.15, "size": 115, "operation": "update"}
{"timestamp": "2025-07-28T12:09:47.755943+00:00", "symbol": "MSFT", "side": "bid", "price": 150.18, "size": 118, "operation": "update"}
{"timestamp": "2025-07-28T12:09:47.795840+00:00", "symbol": "MSFT", "side": "ask", "price": 150.21, "size": 121, "operation": "update"}
{"timestamp": "2025-07-28T12:09:47.835554+00:00", "symbol": "MSFT", "side": "bid", "price": 150.24, "size": 124, "operation": "update"}
{"timestamp": "2025-07-28T12:09:47.874933+00:00", "symbol": "MSFT", "side": "ask", "price": 150.27, "size": 127, "operation": "update"}
{"timestamp": "2025-07-28T12:09:47.913853+00:00", "symbol": "MSFT", "side": "bid", "price": 150.3, "size": 130, "operation": "update"}
{"timestamp": "2025-07-28T12:09:47.954597+00:00", "symbol": "MSFT", "side": "ask", "price": 150.33, "size": 133, "operation": "update"}
{"timestamp": "2025-07-28T12:09:47.997178+00:00", "symbol": "MSFT", "side": "bid", "price": 150.36, "size": 136, "operation": "update"}
{"timestamp": "2025-07-28T12:09:48.037290+00:00", "symbol": "MSFT", "side": "ask", "price": 150.39, "size": 139, "operation": "update"}
{"timestamp": "2025-07-28T12:09:48.077056+00:00", "symbol": "MSFT", "side": "bid", "price": 150.42, "size": 142, "operation": "update"}
{"timestamp": "2025-07-28T12:09:48.117217+00:00", "symbol": "MSFT", "side": "ask", "price": 150.45, "size": 145, "operation": "update"}
{"timestamp": "2025-07-28T12:09:48.158361+00:00", "symbol": "MSFT", "side": "bid", "price": 150.48, "size": 148, "operation": "update"}
{"timestamp": "2025-07-28T12:09:48.200347+00:00", "symbol": "MSFT", "side": "ask", "price": 150.51, "size": 101, "operation": "update"}
{"timestamp": "2025-07-28T12:09:48.239931+00:00", "symbol": "MSFT", "side": "bid", "price": 150.54, "size": 104, "operation": "update"}
{"timestamp": "2025-07-28T12:09:48.279003+00:00", "symbol": "MSFT", "side": "ask", "price": 150.57, "size": 107, "operation": "update"}
{"timestamp": "2025-07-28T12:09:48.318658+00:00", "symbol": "MSFT", "side": "bid", "price": 150.6, "size": 110, "operation": "update"}
{"timestamp": "2025-07-28T12:09:48.358479+00:00", "symbol": "MSFT", "side": "ask", "price": 150.63, "size": 113, "operation": "update"}
{"timestamp": "2025-07-28T12:09:48.398087+00:00", "symbol": "MSFT", "side": "bid", "price": 150.66, "size": 116, "operation": "update"}
{"timestamp": "2025-07-28T12:09:48.438735+00:00", "symbol": "MSFT", "side": "ask", "price": 150.69, "size": 119, "operation": "update"}
{"timestamp": "2025-07-28T12:09:48.477783+00:00", "symbol": "MSFT", "side": "bid", "price": 150.72, "size": 122, "operation": "update"}
{"timestamp": "2025-07-28T12:09:48.517401+00:00", "symbol": "MSFT", "side": "ask", "price": 150.75, "size": 125, "operation": "update"}
{"timestamp": "2025-07-28T12:09:48.560040+00:00", "symbol": "MSFT", "side": "bid", "price": 150.78, "size": 128, "operation": "update"}
{"timestamp": "2025-07-28T12:09:48.601793+00:00", "symbol": "MSFT", "side": "ask", "price": 150.81, "size": 131, "operation": "update"}
{"timestamp": "2025-07-28T12:09:48.641342+00:00", "symbol": "MSFT", "side": "bid", "price": 150.84, "size": 134, "operation": "update"}
{"timestamp": "2025-07-28T12:09:48.683182+00:00", "symbol": "MSFT", "side": "ask", "price": 150.87, "size": 137, "operation": "update"}
{"timestamp": "2025-07-28T12:09:48.723575+00:00", "symbol": "MSFT", "side": "bid", "price": 150.9, "size": 140, "operation": "update"}
{"timestamp": "2025-07-28T12:09:48.762899+00:00", "symbol": "MSFT", "side": "ask", "price": 150.93, "size": 143, "operation": "update"}
{"timestamp": "2025-07-28T12:09:48.803014+00:00", "symbol": "MSFT", "side": "bid", "price": 150.96, "size": 146, "operation": "update"}
{"timestamp": "2025-07-28T12:09:48.842492+00:00", "symbol": "MSFT", "side": "ask", "price": 150.99, "size": 149, "operation": "update"}
{"timestamp": "2025-07-28T12:09:48.881773+00:00", "symbol": "MSFT", "side": "bid", "price": 150.02, "size": 102, "operation": "update"}
{"timestamp": "2025-07-28T12:09:48.923140+00:00", "symbol": "MSFT", "side": "ask", "price": 150.05, "size": 105, "operation": "update"}
{"timestamp": "2025-07-28T12:09:48.962464+00:00", "symbol": "MSFT", "side": "bid", "price": 150.08, "size": 108, "operation": "update"}
{"timestamp": "2025-07-28T12:09:49.002420+00:00", "symbol": "MSFT", "side": "ask", "price": 150.11, "size": 111, "operation": "update"}
{"timestamp": "2025-07-28T12:09:49.041697+00:00", "symbol": "MSFT", "side": "bid", "price": 150.14, "size": 114, "operation": "update"}
{"timestamp": "2025-07-28T12:09:49.080591+00:00", "symbol": "MSFT", "side": "ask", "price": 150.17, "size": 117, "operation": "update"}
{"timestamp": "2025-07-28T12:09:49.119687+00:00", "symbol": "MSFT", "side": "bid", "price": 150.2, "size": 120, "operation": "update"}
{"timestamp": "2025-07-28T12:09:49.161033+00:00", "symbol": "MSFT", "side": "ask", "price": 150.23, "size": 123, "operation": "update"}
{"timestamp": "2025-07-28T12:09:49.201667+00:00", "symbol": "MSFT", "side": "bid", "price": 150.26, "size": 126, "operation": "update"}
{"timestamp": "2025-07-28T12:09:49.241736+00:00", "symbol": "MSFT", "side": "ask", "price": 150.29, "size": 129, "operation": "update"}
{"timestamp": "2025-07-28T12:09:49.286252+00:00", "symbol": "MSFT", "side": "bid", "price": 150.32, "size": 132, "operation": "update"}
{"timestamp": "2025-07-28T12:09:49.329068+00:00", "symbol": "MSFT", "side": "ask", "price": 150.35, "size": 135, "operation": "update"}
{"timestamp": "2025-07-28T12:09:49.369736+00:00", "symbol": "MSFT", "side": "bid", "price": 150.38, "size": 138, "operation": "update"}
{"timestamp": "2025-07-28T12:09:49.412040+00:00", "symbol": "MSFT", "side": "ask", "price": 150.41, "size": 141, "operation": "update"}
{"timestamp": "2025-07-28T12:09:49.451978+00:00", "symbol": "MSFT", "side": "bid", "price": 150.44, "size": 144, "operation": "update"}
{"timestamp": "2025-07-28T12:09:49.491301+00:00", "symbol": "MSFT", "side": "ask", "price": 150.47, "size": 147, "operation": "update"}
{"timestamp": "2025-07-28T12:09:49.532896+00:00", "symbol": "MSFT", "side": "bid", "price": 150.5, "size": 100, "operation": "update"}
{"timestamp": "2025-07-28T12:09:49.573510+00:00", "symbol": "MSFT", "side": "ask", "price": 150.53, "size": 103, "operation": "update"}
{"timestamp": "2025-07-28T12:09:49.614954+00:00", "symbol": "MSFT", "side": "bid", "price": 150.56, "size": 106, "operation": "update"}
{"timestamp": "2025-07-28T12:09:49.656709+00:00", "symbol": "MSFT", "side": "ask", "price": 150.59, "size": 109, "operation": "update"}
{"timestamp": "2025-07-28T12:09:49.696392+00:00", "symbol": "MSFT", "side": "bid", "price": 150.62, "size": 112, "operation": "update"}
{"timestamp": "2025-07-28T12:09:49.735826+00:00", "symbol": "MSFT", "side": "ask", "price": 150.65, "size": 115, "operation": "update"}
{"timestamp": "2025-07-28T12:09:49.776165+00:00", "symbol": "MSFT", "side": "bid", "price": 150.68, "size": 118, "operation": "update"}
{"timestamp": "2025-07-28T12:09:49.815683+00:00", "symbol": "MSFT", "side": "ask", "price": 150.71, "size": 121, "operation": "update"}
{"timestamp": "2025-07-28T12:09:49.854500+00:00", "symbol": "MSFT", "side": "bid", "price": 150.74, "size": 124, "operation": "update"}
{"timestamp": "2025-07-28T12:09:49.897864+00:00", "symbol": "MSFT", "side": "ask", "price": 150.77, "size": 127, "operation": "update"}
{"timestamp": "2025-07-28T12:09:49.937147+00:00", "symbol": "MSFT", "side": "bid", "price": 150.8, "size": 130, "operation": "update"}
{"timestamp": "2025-07-28T12:09:49.976664+00:00", "symbol": "MSFT", "side": "ask", "price": 150.83, "size": 133, "operation": "update"}
{"timestamp": "2025-07-28T12:09:50.017402+00:00", "symbol": "MSFT", "side": "bid", "price": 150.86, "size": 136, "operation": "update"}
{"timestamp": "2025-07-28T12:09:50.057397+00:00", "symbol": "MSFT", "side": "ask", "price": 150.89, "size": 139, "operation": "update"}
{"timestamp": "2025-07-28T12:09:50.096853+00:00", "symbol": "MSFT", "side": "bid", "price": 150.92, "size": 142, "operation": "update"}
{"timestamp": "2025-07-28T12:09:50.137473+00:00", "symbol": "MSFT", "side": "ask", "price": 150.95, "size": 145, "operation": "update"}
{"timestamp": "2025-07-28T12:09:50.177896+00:00", "symbol": "MSFT", "side": "bid", "price": 150.98, "size": 148, "operation": "update"}
{"timestamp": "2025-07-28T12:09:50.216996+00:00", "symbol": "MSFT", "side": "ask", "price": 150.01, "size": 101, "operation": "update"}
{"timestamp": "2025-07-28T12:09:50.257696+00:00", "symbol": "MSFT", "side": "bid", "price": 150.04, "size": 104, "operation": "update"}
{"timestamp": "2025-07-28T12:09:50.297730+00:00", "symbol": "MSFT", "side": "ask", "price": 150.07, "size": 107, "operation": "update"}
{"timestamp": "2025-07-28T12:09:50.337345+00:00", "symbol": "MSFT", "side": "bid", "price": 150.1, "size": 110, "operation": "update"}
{"timestamp": "2025-07-28T12:09:50.379659+00:00", "symbol": "MSFT", "side": "ask", "price": 150.13, "size": 113, "operation": "update"}
{"timestamp": "2025-07-28T12:09:50.419741+00:00", "symbol": "MSFT", "side": "bid", "price": 150.16, "size": 116, "operation": "update"}
{"timestamp": "2025-07-28T12:09:50.460162+00:00", "symbol": "MSFT", "side": "ask", "price": 150.19, "size": 119, "operation": "update"}
{"timestamp": "2025-07-28T12:09:50.500601+00:00", "symbol": "MSFT", "side": "bid", "price": 150.22, "size": 122, "operation": "update"}
{"timestamp": "2025-07-28T12:09:50.539625+00:00", "symbol": "MSFT", "side": "ask", "price": 150.25, "size": 125, "operation": "update"}
{"timestamp": "2025-07-28T12:09:50.580440+00:00", "symbol": "MSFT", "side": "bid", "price": 150.28, "size": 128, "operation": "update"}
{"timestamp": "2025-07-28T12:09:50.620417+00:00", "symbol": "MSFT", "side": "ask", "price": 150.31, "size": 131, "operation": "update"}
{"timestamp": "2025-07-28T12:09:50.662596+00:00", "symbol": "MSFT", "side": "bid", "price": 150.34, "size": 134, "operation": "update"}
{"timestamp": "2025-07-28T12:09:50.702130+00:00", "symbol": "MSFT", "side": "ask", "price": 150.37, "size": 137, "operation": "update"}
{"timestamp": "2025-07-28T12:09:50.743071+00:00", "symbol": "MSFT", "side": "bid", "price": 150.4, "size": 140, "operation": "update"}
{"timestamp": "2025-07-28T12:09:50.782681+00:00", "symbol": "MSFT", "side": "ask", "price": 150.43, "size": 143, "operation": "update"}
{"timestamp": "2025-07-28T12:09:50.822019+00:00", "symbol": "MSFT", "side": "bid", "price": 150.46, "size": 146, "operation": "update"}
{"timestamp": "2025-07-28T12:09:50.863379+00:00", "symbol": "MSFT", "side": "ask", "price": 150.49, "size": 149, "operation": "update"}
{"timestamp": "2025-07-28T12:09:50.902482+00:00", "symbol": "MSFT", "side": "bid", "price": 150.52, "size": 102, "operation": "update"}
{"timestamp": "2025-07-28T12:09:50.941713+00:00", "symbol": "MSFT", "side": "ask", "price": 150.55, "size": 105, "operation": "update"}
{"timestamp": "2025-07-28T12:09:50.981300+00:00", "symbol": "MSFT", "side": "bid", "price": 150.58, "size": 108, "operation": "update"}
{"timestamp": "2025-07-28T12:09:51.021353+00:00", "symbol": "MSFT", "side": "ask", "price": 150.61, "size": 111, "operation": "update"}
{"timestamp": "2025-07-28T12:09:51.060698+00:00", "symbol": "MSFT", "side": "bid", "price": 150.64, "size": 114, "operation": "update"}
{"timestamp": "2025-07-28T12:09:51.100936+00:00", "symbol": "MSFT", "side": "ask", "price": 150.67, "size": 117, "operation": "update"}
{"timestamp": "2025-07-28T12:09:51.141418+00:00", "symbol": "MSFT", "side": "bid", "price": 150.7, "size": 120, "operation": "update"}
{"timestamp": "2025-07-28T12:09:51.181844+00:00", "symbol": "MSFT", "side": "ask", "price": 150.73, "size": 123, "operation": "update"}
{"timestamp": "2025-07-28T12:09:51.221450+00:00", "symbol": "MSFT", "side": "bid", "price": 150.76, "size": 126, "operation": "update"}
{"timestamp": "2025-07-28T12:09:51.260799+00:00", "symbol": "MSFT", "side": "ask", "price": 150.79, "size": 129, "operation": "update"}
{"timestamp": "2025-07-28T12:09:51.301239+00:00", "symbol": "MSFT", "side": "bid", "price": 150.82, "size": 132, "operation": "update"}
{"timestamp": "2025-07-28T12:09:51.341173+00:00", "symbol": "MSFT", "side": "ask", "price": 150.85, "size": 135, "operation": "update"}
{"timestamp": "2025-07-28T12:09:51.380920+00:00", "symbol": "MSFT", "side": "bid", "price": 150.88, "size": 138, "operation": "update"}
{"timestamp": "2025-07-28T12:09:51.420417+00:00", "symbol": "MSFT", "side": "ask", "price": 150.91, "size": 141, "operation": "update"}
{"timestamp": "2025-07-28T12:09:51.465981+00:00", "symbol": "MSFT", "side": "bid", "price": 150.94, "size": 144, "operation": "update"}
{"timestamp": "2025-07-28T12:09:51.504986+00:00", "symbol": "MSFT", "side": "ask", "price": 150.97, "size": 147, "operation": "update"}
{"timestamp": "2025-07-28T12:09:51.544426+00:00", "symbol": "MSFT", "side": "bid", "price": 150.0, "size": 100, "operation": "update"}
{"timestamp": "2025-07-28T12:09:51.585841+00:00", "symbol": "MSFT", "side": "ask", "price": 150.03, "size": 103, "operation": "update"}
{"timestamp": "2025-07-28T12:09:51.627539+00:00", "symbol": "MSFT", "side": "bid", "price": 150.06, "size": 106, "operation": "update"}
{"timestamp": "2025-07-28T12:09:51.666919+00:00", "symbol": "MSFT", "side": "ask", "price": 150.09, "size": 109, "operation": "update"}
{"timestamp": "2025-07-28T12:09:51.706797+00:00", "symbol": "MSFT", "side": "bid", "price": 150.12, "size": 112, "operation": "update"}
{"timestamp": "2025-07-28T12:09:51.746590+00:00", "symbol": "MSFT", "side": "ask", "price": 150.15, "size": 115, "operation": "update"}
{"timestamp": "2025-07-28T12:09:51.786068+00:00", "symbol": "MSFT", "side": "bid", "price": 150.18, "size": 118, "operation": "update"}
{"timestamp": "2025-07-28T12:09:51.828339+00:00", "symbol": "MSFT", "side": "ask", "price": 150.21, "size": 121, "operation": "update"}
{"timestamp": "2025-07-28T12:09:51.867613+00:00", "symbol": "MSFT", "side": "bid", "price": 150.24, "size": 124, "operation": "update"}
{"timestamp": "2025-07-28T12:09:51.908201+00:00", "symbol": "MSFT", "side": "ask", "price": 150.27, "size": 127, "operation": "update"}
{"timestamp": "2025-07-28T12:09:51.949431+00:00", "symbol": "MSFT", "side": "bid", "price": 150.3, "size": 130, "operation": "update"}
{"timestamp": "2025-07-28T12:09:51.993823+00:00", "symbol": "MSFT", "side": "ask", "price": 150.33, "size": 133, "operation": "update"}
{"timestamp": "2025-07-28T12:09:52.037287+00:00", "symbol": "MSFT", "side": "bid", "price": 150.36, "size": 136, "operation": "update"}
{"timestamp": "2025-07-28T12:09:52.079868+00:00", "symbol": "MSFT", "side": "ask", "price": 150.39, "size": 139, "operation": "update"}
{"timestamp": "2025-07-28T12:09:52.120591+00:00", "symbol": "MSFT", "side": "bid", "price": 150.42, "size": 142, "operation": "update"}
{"timestamp": "2025-07-28T12:09:52.161986+00:00", "symbol": "MSFT", "side": "ask", "price": 150.45, "size": 145, "operation": "update"}
{"timestamp": "2025-07-28T12:09:52.202992+00:00", "symbol": "MSFT", "side": "bid", "price": 150.48, "size": 148, "operation": "update"}
{"timestamp": "2025-07-28T12:09:52.243275+00:00", "symbol": "MSFT", "side": "ask", "price": 150.51, "size": 101, "operation": "update"}
{"timestamp": "2025-07-28T12:09:52.283534+00:00", "symbol": "MSFT", "side": "bid", "price": 150.54, "size": 104, "operation": "update"}
{"timestamp": "2025-07-28T12:09:52.325490+00:00", "symbol": "MSFT", "side": "ask", "price": 150.57, "size": 107, "operation": "update"}
{"timestamp": "2025-07-28T12:09:52.364805+00:00", "symbol": "MSFT", "side": "bid", "price": 150.6, "size": 110, "operation": "update"}
{"timestamp": "2025-07-28T12:09:52.405495+00:00", "symbol": "MSFT", "side": "ask", "price": 150.63, "size": 113, "operation": "update"}
{"timestamp": "2025-07-28T12:09:52.447686+00:00", "symbol": "MSFT", "side": "bid", "price": 150.66, "size": 116, "operation": "update"}
{"timestamp": "2025-07-28T12:09:52.487398+00:00", "symbol": "MSFT", "side": "ask", "price": 150.69, "size": 119, "operation": "update"}
{"timestamp": "2025-07-28T12:09:52.527834+00:00", "symbol": "MSFT", "side": "bid", "price": 150.72, "size": 122, "operation": "update"}
{"timestamp": "2025-07-28T12:09:52.568183+00:00", "symbol": "MSFT", "side": "ask", "price": 150.75, "size": 125, "operation": "update"}
{"timestamp": "2025-07-28T12:09:52.608715+00:00", "symbol": "MSFT", "side": "bid", "price": 150.78, "size": 128, "operation": "update"}
{"timestamp": "2025-07-28T12:09:52.649989+00:00", "symbol": "MSFT", "side": "ask", "price": 150.81, "size": 131, "operation": "update"}
{"timestamp": "2025-07-28T12:09:52.690312+00:00", "symbol": "MSFT", "side": "bid", "price": 150.84, "size": 134, "operation": "update"}
{"timestamp": "2025-07-28T12:09:52.729242+00:00", "symbol": "MSFT", "side": "ask", "price": 150.87, "size": 137, "operation": "update"}
{"timestamp": "2025-07-28T12:09:52.770436+00:00", "symbol": "MSFT", "side": "bid", "price": 150.9, "size": 140, "operation": "update"}
{"timestamp": "2025-07-28T12:09:52.809918+00:00", "symbol": "MSFT", "side": "ask", "price": 150.93, "size": 143, "operation": "update"}
{"timestamp": "2025-07-28T12:09:52.848938+00:00", "symbol": "MSFT", "side": "bid", "price": 150.96, "size": 146, "operation": "update"}
{"timestamp": "2025-07-28T12:09:52.888759+00:00", "symbol": "MSFT", "side": "ask", "price": 150.99, "size": 149, "operation": "update"}
{"timestamp": "2025-07-28T12:09:52.929488+00:00", "symbol": "MSFT", "side": "bid", "price": 150.02, "size": 102, "operation": "update"}
{"timestamp": "2025-07-28T12:09:52.968694+00:00", "symbol": "MSFT", "side": "ask", "price": 150.05, "size": 105, "operation": "update"}
{"timestamp": "2025-07-28T12:09:53.009074+00:00", "symbol": "MSFT", "side": "bid", "price": 150.08, "size": 108, "operation": "update"}
{"timestamp": "2025-07-28T12:09:53.048392+00:00", "symbol": "MSFT", "side": "ask", "price": 150.11, "size": 111, "operation": "update"}
{"timestamp": "2025-07-28T12:09:53.087520+00:00", "symbol": "MSFT", "side": "bid", "price": 150.14, "size": 114, "operation": "update"}
{"timestamp": "2025-07-28T12:09:53.127353+00:00", "symbol": "MSFT", "side": "ask", "price": 150.17, "size": 117, "operation": "update"}
{"timestamp": "2025-07-28T12:09:53.167508+00:00", "symbol": "MSFT", "side": "bid", "price": 150.2, "size": 120, "operation": "update"}
{"timestamp": "2025-07-28T12:09:53.206138+00:00", "symbol": "MSFT", "side": "ask", "price": 150.23, "size": 123, "operation": "update"}
{"timestamp": "2025-07-28T12:09:53.247722+00:00", "symbol": "MSFT", "side": "bid", "price": 150.26, "size": 126, "operation": "update"}
{"timestamp": "2025-07-28T12:09:53.288176+00:00", "symbol": "MSFT", "side": "ask", "price": 150.29, "size": 129, "operation": "update"}
{"timestamp": "2025-07-28T12:09:53.327693+00:00", "symbol": "MSFT", "side": "bid", "price": 150.32, "size": 132, "operation": "update"}
{"timestamp": "2025-07-28T12:09:53.366916+00:00", "symbol": "MSFT", "side": "ask", "price": 150.35, "size": 135, "operation": "update"}
{"timestamp": "2025-07-28T12:09:53.406209+00:00", "symbol": "MSFT", "side": "bid", "price": 150.38, "size": 138, "operation": "update"}
{"timestamp": "2025-07-28T12:09:53.446017+00:00", "symbol": "MSFT", "side": "ask", "price": 150.41, "size": 141, "operation": "update"}
{"timestamp": "2025-07-28T12:09:53.486839+00:00", "symbol": "MSFT", "side": "bid", "price": 150.44, "size": 144, "operation": "update"}
{"timestamp": "2025-07-28T12:09:53.529744+00:00", "symbol": "MSFT", "side": "ask", "price": 150.47, "size": 147, "operation": "update"}
{"timestamp": "2025-07-28T12:09:53.569824+00:00", "symbol": "MSFT", "side": "bid", "price": 150.5, "size": 100, "operation": "update"}
{"timestamp": "2025-07-28T12:09:53.609301+00:00", "symbol": "MSFT", "side": "ask", "price": 150.53, "size": 103, "operation": "update"}
{"timestamp": "2025-07-28T12:09:53.649734+00:00", "symbol": "MSFT", "side": "bid", "price": 150.56, "size": 106, "operation": "update"}
{"timestamp": "2025-07-28T12:09:53.689605+00:00", "symbol": "MSFT", "side": "ask", "price": 150.59, "size": 109, "operation": "update"}
{"timestamp": "2025-07-28T12:09:53.729786+00:00", "symbol": "MSFT", "side": "bid", "price": 150.62, "size": 112, "operation": "update"}
{"timestamp": "2025-07-28T12:09:53.769440+00:00", "symbol": "MSFT", "side": "ask", "price": 150.65, "size": 115, "operation": "update"}
{"timestamp": "2025-07-28T12:09:53.808341+00:00", "symbol": "MSFT", "side": "bid", "price": 150.68, "size": 118, "operation": "update"}
{"timestamp": "2025-07-28T12:09:53.847667+00:00", "symbol": "MSFT", "side": "ask", "price": 150.71, "size": 121, "operation": "update"}
{"timestamp": "2025-07-28T12:09:53.887732+00:00", "symbol": "MSFT", "side": "bid", "price": 150.74, "size": 124, "operation": "update"}
{"timestamp": "2025-07-28T12:09:53.927287+00:00", "symbol": "MSFT", "side": "ask", "price": 150.77, "size": 127, "operation": "update"}
{"timestamp": "2025-07-28T12:09:53.966344+00:00", "symbol": "MSFT", "side": "bid", "price": 150.8, "size": 130, "operation": "update"}
{"timestamp": "2025-07-28T12:09:54.008011+00:00", "symbol": "MSFT", "side": "ask", "price": 150.83, "size": 133, "operation": "update"}
{"timestamp": "2025-07-28T12:09:54.047422+00:00", "symbol": "MSFT", "side": "bid", "price": 150.86, "size": 136, "operation": "update"}
{"timestamp": "2025-07-28T12:09:54.087196+00:00", "symbol": "MSFT", "side": "ask", "price": 150.89, "size": 139, "operation": "update"}
{"timestamp": "2025-07-28T12:09:54.127503+00:00", "symbol": "MSFT", "side": "bid", "price": 150.92, "size": 142, "operation": "update"}
{"timestamp": "2025-07-28T12:09:54.166930+00:00", "symbol": "MSFT", "side": "ask", "price": 150.95, "size": 145, "operation": "update"}
{"timestamp": "2025-07-28T12:09:54.205996+00:00", "symbol": "MSFT", "side": "bid", "price": 150.98, "size": 148, "operation": "update"}
{"timestamp": "2025-07-28T12:09:54.247610+00:00", "symbol": "MSFT", "side": "ask", "price": 150.01, "size": 101, "operation": "update"}
{"timestamp": "2025-07-28T12:09:54.287117+00:00", "symbol": "MSFT", "side": "bid", "price": 150.04, "size": 104, "operation": "update"}
{"timestamp": "2025-07-28T12:09:54.326882+00:00", "symbol": "MSFT", "side": "ask", "price": 150.07, "size": 107, "operation": "update"}
{"timestamp": "2025-07-28T12:09:54.368975+00:00", "symbol": "MSFT", "side": "bid", "price": 150.1, "size": 110, "operation": "update"}
{"timestamp": "2025-07-28T12:09:54.409795+00:00", "symbol": "MSFT", "side": "ask", "price": 150.13, "size": 113, "operation": "update"}
{"timestamp": "2025-07-28T12:09:54.449574+00:00", "symbol": "MSFT", "side": "bid", "price": 150.16, "size": 116, "operation": "update"}
{"timestamp": "2025-07-28T12:09:54.491502+00:00", "symbol": "MSFT", "side": "ask", "price": 150.19, "size": 119, "operation": "update"}
{"timestamp": "2025-07-28T12:09:54.531438+00:00", "symbol": "MSFT", "side": "bid", "price": 150.22, "size": 122, "operation": "update"}
{"timestamp": "2025-07-28T12:09:54.571885+00:00", "symbol": "MSFT", "side": "ask", "price": 150.25, "size": 125, "operation": "update"}
{"timestamp": "2025-07-28T12:09:54.614234+00:00", "symbol": "MSFT", "side": "bid", "price": 150.28, "size": 128, "operation": "update"}
{"timestamp": "2025-07-28T12:09:54.653552+00:00", "symbol": "MSFT", "side": "ask", "price": 150.31, "size": 131, "operation": "update"}
{"timestamp": "2025-07-28T12:09:54.693653+00:00", "symbol": "MSFT", "side": "bid", "price": 150.34, "size": 134, "operation": "update"}
{"timestamp": "2025-07-28T12:09:54.735565+00:00", "symbol": "MSFT", "side": "ask", "price": 150.37, "size": 137, "operation": "update"}
{"timestamp": "2025-07-28T12:09:54.775742+00:00", "symbol": "MSFT", "side": "bid", "price": 150.4, "size": 140, "operation": "update"}
{"timestamp": "2025-07-28T12:09:54.815464+00:00", "symbol": "MSFT", "side": "ask", "price": 150.43, "size": 143, "operation": "update"}
{"timestamp": "2025-07-28T12:09:54.855826+00:00", "symbol": "MSFT", "side": "bid", "price": 150.46, "size": 146, "operation": "update"}
{"timestamp": "2025-07-28T12:09:54.895103+00:00", "symbol": "MSFT", "side": "ask", "price": 150.49, "size": 149, "operation": "update"}
{"timestamp": "2025-07-28T12:09:54.935192+00:00", "symbol": "MSFT", "side": "bid", "price": 150.52, "size": 102, "operation": "update"}
{"timestamp": "2025-07-28T12:09:54.975690+00:00", "symbol": "MSFT", "side": "ask", "price": 150.55, "size": 105, "operation": "update"}
{"timestamp": "2025-07-28T12:09:55.015951+00:00", "symbol": "MSFT", "side": "bid", "price": 150.58, "size": 108, "operation": "update"}
{"timestamp": "2025-07-28T12:09:55.055783+00:00", "symbol": "MSFT", "side": "ask", "price": 150.61, "size": 111, "operation": "update"}
{"timestamp": "2025-07-28T12:09:55.095793+00:00", "symbol": "MSFT", "side": "bid", "price": 150.64, "size": 114, "operation": "update"}
{"timestamp": "2025-07-28T12:09:55.135620+00:00", "symbol": "MSFT", "side": "ask", "price": 150.67, "size": 117, "operation": "update"}
{"timestamp": "2025-07-28T12:09:55.174956+00:00", "symbol": "MSFT", "side": "bid", "price": 150.7, "size": 120, "operation": "update"}
{"timestamp": "2025-07-28T12:09:55.215038+00:00", "symbol": "MSFT", "side": "ask", "price": 150.73, "size": 123, "operation": "update"}
{"timestamp": "2025-07-28T12:09:55.255116+00:00", "symbol": "MSFT", "side": "bid", "price": 150.76, "size": 126, "operation": "update"}
{"timestamp": "2025-07-28T12:09:55.296504+00:00", "symbol": "MSFT", "side": "ask", "price": 150.79, "size": 129, "operation": "update"}
{"timestamp": "2025-07-28T12:09:55.337125+00:00", "symbol": "MSFT", "side": "bid", "price": 150.82, "size": 132, "operation": "update"}
{"timestamp": "2025-07-28T12:09:55.377603+00:00", "symbol": "MSFT", "side": "ask", "price": 150.85, "size": 135, "operation": "update"}
{"timestamp": "2025-07-28T12:09:55.417266+00:00", "symbol": "MSFT", "side": "bid", "price": 150.88, "size": 138, "operation": "update"}
{"timestamp": "2025-07-28T12:09:55.459131+00:00", "symbol": "MSFT", "side": "ask", "price": 150.91, "size": 141, "operation": "update"}
{"timestamp": "2025-07-28T12:09:55.499717+00:00", "symbol": "MSFT", "side": "bid", "price": 150.94, "size": 144, "operation": "update"}
{"timestamp": "2025-07-28T12:09:55.540096+00:00", "symbol": "MSFT", "side": "ask", "price": 150.97, "size": 147, "operation": "update"}
{"timestamp": "2025-07-28T12:09:55.580698+00:00", "symbol": "MSFT", "side": "bid", "price": 150.0, "size": 100, "operation": "update"}
{"timestamp": "2025-07-28T12:09:55.620727+00:00", "symbol": "MSFT", "side": "ask", "price": 150.03, "size": 103, "operation": "update"}
{"timestamp": "2025-07-28T12:09:55.660037+00:00", "symbol": "MSFT", "side": "bid", "price": 150.06, "size": 106, "operation": "update"}
{"timestamp": "2025-07-28T12:09:55.700161+00:00", "symbol": "MSFT", "side": "ask", "price": 150.09, "size": 109, "operation": "update"}
{"timestamp": "2025-07-28T12:09:55.739821+00:00", "symbol": "MSFT", "side": "bid", "price": 150.12, "size": 112, "operation": "update"}
{"timestamp": "2025-07-28T12:09:55.778827+00:00", "symbol": "MSFT", "side": "ask", "price": 150.15, "size": 115, "operation": "update"}
{"timestamp": "2025-07-28T12:09:55.819421+00:00", "symbol": "MSFT", "side": "bid", "price": 150.18, "size": 118, "operation": "update"}
{"timestamp": "2025-07-28T12:09:55.859317+00:00", "symbol": "MSFT", "side": "ask", "price": 150.21, "size": 121, "operation": "update"}
{"timestamp": "2025-07-28T12:09:55.899028+00:00", "symbol": "MSFT", "side": "bid", "price": 150.24, "size": 124, "operation": "update"}
{"timestamp": "2025-07-28T12:09:55.938357+00:00", "symbol": "MSFT", "side": "ask", "price": 150.27, "size": 127, "operation": "update"}
{"timestamp": "2025-07-28T12:09:55.978607+00:00", "symbol": "MSFT", "side": "bid", "price": 150.3, "size": 130, "operation": "update"}
{"timestamp": "2025-07-28T12:09:56.018352+00:00", "symbol": "MSFT", "side": "ask", "price": 150.33, "size": 133, "operation": "update"}
{"timestamp": "2025-07-28T12:09:56.059331+00:00", "symbol": "MSFT", "side": "bid", "price": 150.36, "size": 136, "operation": "update"}
{"timestamp": "2025-07-28T12:09:56.098836+00:00", "symbol": "MSFT", "side": "ask", "price": 150.39, "size": 139, "operation": "update"}
{"timestamp": "2025-07-28T12:09:56.140428+00:00", "symbol": "MSFT", "side": "bid", "price": 150.42, "size": 142, "operation": "update"}
{"timestamp": "2025-07-28T12:09:56.180308+00:00", "symbol": "MSFT", "side": "ask", "price": 150.45, "size": 145, "operation": "update"}
{"timestamp": "2025-07-28T12:09:56.220970+00:00", "symbol": "MSFT", "side": "bid", "price": 150.48, "size": 148, "operation": "update"}
{"timestamp": "2025-07-28T12:09:56.260947+00:00", "symbol": "MSFT", "side": "ask", "price": 150.51, "size": 101, "operation": "update"}
{"timestamp": "2025-07-28T12:09:56.300046+00:00", "symbol": "MSFT", "side": "bid", "price": 150.54, "size": 104, "operation": "update"}
{"timestamp": "2025-07-28T12:09:56.340528+00:00", "symbol": "MSFT", "side": "ask", "price": 150.57, "size": 107, "operation": "update"}
{"timestamp": "2025-07-28T12:09:56.380943+00:00", "symbol": "MSFT", "side": "bid", "price": 150.6, "size": 110, "operation": "update"}
{"timestamp": "2025-07-28T12:09:56.422588+00:00", "symbol": "MSFT", "side": "ask", "price": 150.63, "size": 113, "operation": "update"}
{"timestamp": "2025-07-28T12:09:56.463935+00:00", "symbol": "MSFT", "side": "bid", "price": 150.66, "size": 116, "operation": "update"}
{"timestamp": "2025-07-28T12:09:56.504179+00:00", "symbol": "MSFT", "side": "ask", "price": 150.69, "size": 119, "operation": "update"}
{"timestamp": "2025-07-28T12:09:56.545912+00:00", "symbol": "MSFT", "side": "bid", "price": 150.72, "size": 122, "operation": "update"}
{"timestamp": "2025-07-28T12:09:56.589211+00:00", "symbol": "MSFT", "side": "ask", "price": 150.75, "size": 125, "operation": "update"}
{"timestamp": "2025-07-28T12:09:56.630083+00:00", "symbol": "MSFT", "side": "bid", "price": 150.78, "size": 128, "operation": "update"}
{"timestamp": "2025-07-28T12:09:56.670254+00:00", "symbol": "MSFT", "side": "ask", "price": 150.81, "size": 131, "operation": "update"}
{"timestamp": "2025-07-28T12:09:56.710545+00:00", "symbol": "MSFT", "side": "bid", "price": 150.84, "size": 134, "operation": "update"}
{"timestamp": "2025-07-28T12:09:56.750459+00:00", "symbol": "MSFT", "side": "ask", "price": 150.87, "size": 137, "operation": "update"}
{"timestamp": "2025-07-28T12:09:56.791699+00:00", "symbol": "MSFT", "side": "bid", "price": 150.9, "size": 140, "operation": "update"}
{"timestamp": "2025-07-28T12:09:56.831209+00:00", "symbol": "MSFT", "side": "ask", "price": 150.93, "size": 143, "operation": "update"}
{"timestamp": "2025-07-28T12:09:56.871587+00:00", "symbol": "MSFT", "side": "bid", "price": 150.96, "size": 146, "operation": "update"}
{"timestamp": "2025-07-28T12:09:56.912553+00:00", "symbol": "MSFT", "side": "ask", "price": 150.99, "size": 149, "operation": "update"}
{"timestamp": "2025-07-28T12:09:56.951633+00:00", "symbol": "MSFT", "side": "bid", "price": 150.02, "size": 102, "operation": "update"}
{"timestamp": "2025-07-28T12:09:56.991228+00:00", "symbol": "MSFT", "side": "ask", "price": 150.05, "size": 105, "operation": "update"}
{"timestamp": "2025-07-28T12:09:57.031392+00:00", "symbol": "MSFT", "side": "bid", "price": 150.08, "size": 108, "operation": "update"}
{"timestamp": "2025-07-28T12:09:57.071726+00:00", "symbol": "MSFT", "side": "ask", "price": 150.11, "size": 111, "operation": "update"}
{"timestamp": "2025-07-28T12:09:57.112084+00:00", "symbol": "MSFT", "side": "bid", "price": 150.14, "size": 114, "operation": "update"}
{"timestamp": "2025-07-28T12:09:57.152506+00:00", "symbol": "MSFT", "side": "ask", "price": 150.17, "size": 117, "operation": "update"}
{"timestamp": "2025-07-28T12:09:57.192436+00:00", "symbol": "MSFT", "side": "bid", "price": 150.2, "size": 120, "operation": "update"}
{"timestamp": "2025-07-28T12:09:57.232719+00:00", "symbol": "MSFT", "side": "ask", "price": 150.23, "size": 123, "operation": "update"}
{"timestamp": "2025-07-28T12:09:57.273298+00:00", "symbol": "MSFT", "side": "bid", "price": 150.26, "size": 126, "operation": "update"}
{"timestamp": "2025-07-28T12:09:57.313774+00:00", "symbol": "MSFT", "side": "ask", "price": 150.29, "size": 129, "operation": "update"}
{"timestamp": "2025-07-28T12:09:57.353603+00:00", "symbol": "MSFT", "side": "bid", "price": 150.32, "size": 132, "operation": "update"}
{"timestamp": "2025-07-28T12:09:57.393487+00:00", "symbol": "MSFT", "side": "ask", "price": 150.35, "size": 135, "operation": "update"}
{"timestamp": "2025-07-28T12:09:57.433188+00:00", "symbol": "MSFT", "side": "bid", "price": 150.38, "size": 138, "operation": "update"}
{"timestamp": "2025-07-28T12:09:57.472316+00:00", "symbol": "MSFT", "side": "ask", "price": 150.41, "size": 141, "operation": "update"}
{"timestamp": "2025-07-28T12:09:57.512901+00:00", "symbol": "MSFT", "side": "bid", "price": 150.44, "size": 144, "operation": "update"}
{"timestamp": "2025-07-28T12:09:57.552894+00:00", "symbol": "MSFT", "side": "ask", "price": 150.47, "size": 147, "operation": "update"}
{"timestamp": "2025-07-28T12:09:57.593660+00:00", "symbol": "MSFT", "side": "bid", "price": 150.5, "size": 100, "operation": "update"}
{"timestamp": "2025-07-28T12:09:57.634745+00:00", "symbol": "MSFT", "side": "ask", "price": 150.53, "size": 103, "operation": "update"}
{"timestamp": "2025-07-28T12:09:57.677480+00:00", "symbol": "MSFT", "side": "bid", "price": 150.56, "size": 106, "operation": "update"}
{"timestamp": "2025-07-28T12:09:57.717532+00:00", "symbol": "MSFT", "side": "ask", "price": 150.59, "size": 109, "operation": "update"}
{"timestamp": "2025-07-28T12:09:57.757095+00:00", "symbol": "MSFT", "side": "bid", "price": 150.62, "size": 112, "operation": "update"}
{"timestamp": "2025-07-28T12:09:57.798090+00:00", "symbol": "MSFT", "side": "ask", "price": 150.65, "size": 115, "operation": "update"}
{"timestamp": "2025-07-28T12:09:57.838066+00:00", "symbol": "MSFT", "side": "bid", "price": 150.68, "size": 118, "operation": "update"}
{"timestamp": "2025-07-28T12:09:57.881206+00:00", "symbol": "MSFT", "side": "ask", "price": 150.71, "size": 121, "operation": "update"}
{"timestamp": "2025-07-28T12:09:57.922095+00:00", "symbol": "MSFT", "side": "bid", "price": 150.74, "size": 124, "operation": "update"}
{"timestamp": "2025-07-28T12:09:57.961563+00:00", "symbol": "MSFT", "side": "ask", "price": 150.77, "size": 127, "operation": "update"}
{"timestamp": "2025-07-28T12:09:58.003463+00:00", "symbol": "MSFT", "side": "bid", "price": 150.8, "size": 130, "operation": "update"}
{"timestamp": "2025-07-28T12:09:58.044110+00:00", "symbol": "MSFT", "side": "ask", "price": 150.83, "size": 133, "operation": "update"}
{"timestamp": "2025-07-28T12:09:58.083836+00:00", "symbol": "MSFT", "side": "bid", "price": 150.86, "size": 136, "operation": "update"}
{"timestamp": "2025-07-28T12:09:58.127499+00:00", "symbol": "MSFT", "side": "ask", "price": 150.89, "size": 139, "operation": "update"}
{"timestamp": "2025-07-28T12:09:58.167610+00:00", "symbol": "MSFT", "side": "bid", "price": 150.92, "size": 142, "operation": "update"}
{"timestamp": "2025-07-28T12:09:58.208293+00:00", "symbol": "MSFT", "side": "ask", "price": 150.95, "size": 145, "operation": "update"}
{"timestamp": "2025-07-28T12:09:58.248692+00:00", "symbol": "MSFT", "side": "bid", "price": 150.98, "size": 148, "operation": "update"}
{"timestamp": "2025-07-28T12:09:58.289664+00:00", "symbol": "MSFT", "side": "ask", "price": 150.01, "size": 101, "operation": "update"}
{"timestamp": "2025-07-28T12:09:58.331097+00:00", "symbol": "MSFT", "side": "bid", "price": 150.04, "size": 104, "operation": "update"}
{"timestamp": "2025-07-28T12:09:58.371410+00:00", "symbol": "MSFT", "side": "ask", "price": 150.07, "size": 107, "operation": "update"}
{"timestamp": "2025-07-28T12:09:58.411369+00:00", "symbol": "MSFT", "side": "bid", "price": 150.1, "size": 110, "operation": "update"}
{"timestamp": "2025-07-28T12:09:58.450262+00:00", "symbol": "MSFT", "side": "ask", "price": 150.13, "size": 113, "operation": "update"}
{"timestamp": "2025-07-28T12:09:58.489629+00:00", "symbol": "MSFT", "side": "bid", "price": 150.16, "size": 116, "operation": "update"}
{"timestamp": "2025-07-28T12:09:58.529761+00:00", "symbol": "MSFT", "side": "ask", "price": 150.19, "size": 119, "operation": "update"}
{"timestamp": "2025-07-28T12:09:58.571093+00:00", "symbol": "MSFT", "side": "bid", "price": 150.22, "size": 122, "operation": "update"}
{"timestamp": "2025-07-28T12:09:58.612739+00:00", "symbol": "MSFT", "side": "ask", "price": 150.25, "size": 125, "operation": "update"}
{"timestamp": "2025-07-28T12:09:58.652481+00:00", "symbol": "MSFT", "side": "bid", "price": 150.28, "size": 128, "operation": "update"}
{"timestamp": "2025-07-28T12:09:58.692976+00:00", "symbol": "MSFT", "side": "ask", "price": 150.31, "size": 131, "operation": "update"}
{"timestamp": "2025-07-28T12:09:58.733495+00:00", "symbol": "MSFT", "side": "bid", "price": 150.34, "size": 134, "operation": "update"}
{"timestamp": "2025-07-28T12:09:58.772397+00:00", "symbol": "MSFT", "side": "ask", "price": 150.37, "size": 137, "operation": "update"}
{"timestamp": "2025-07-28T12:09:58.812443+00:00", "symbol": "MSFT", "side": "bid", "price": 150.4, "size": 140, "operation": "update"}
{"timestamp": "2025-07-28T12:09:58.853756+00:00", "symbol": "MSFT", "side": "ask", "price": 150.43, "size": 143, "operation": "update"}
{"timestamp": "2025-07-28T12:09:58.893515+00:00", "symbol": "MSFT", "side": "bid", "price": 150.46, "size": 146, "operation": "update"}
{"timestamp": "2025-07-28T12:09:58.933842+00:00", "symbol": "MSFT", "side": "ask", "price": 150.49, "size": 149, "operation": "update"}
{"timestamp": "2025-07-28T12:09:58.974325+00:00", "symbol": "MSFT", "side": "bid", "price": 150.52, "size": 102, "operation": "update"}
{"timestamp": "2025-07-28T12:09:59.013561+00:00", "symbol": "MSFT", "side": "ask", "price": 150.55, "size": 105, "operation": "update"}
{"timestamp": "2025-07-28T12:09:59.054151+00:00", "symbol": "MSFT", "side": "bid", "price": 150.58, "size": 108, "operation": "update"}
{"timestamp": "2025-07-28T12:09:59.093783+00:00", "symbol": "MSFT", "side": "ask", "price": 150.61, "size": 111, "operation": "update"}
{"timestamp": "2025-07-28T12:09:59.133560+00:00", "symbol": "MSFT", "side": "bid", "price": 150.64, "size": 114, "operation": "update"}
{"timestamp": "2025-07-28T12:09:59.173678+00:00", "symbol": "MSFT", "side": "ask", "price": 150.67, "size": 117, "operation": "update"}
{"timestamp": "2025-07-28T12:09:59.212843+00:00", "symbol": "MSFT", "side": "bid", "price": 150.7, "size": 120, "operation": "update"}
{"timestamp": "2025-07-28T12:09:59.253237+00:00", "symbol": "MSFT", "side": "ask", "price": 150.73, "size": 123, "operation": "update"}
{"timestamp": "2025-07-28T12:09:59.298422+00:00", "symbol": "MSFT", "side": "bid", "price": 150.76, "size": 126, "operation": "update"}
{"timestamp": "2025-07-28T12:09:59.341493+00:00", "symbol": "MSFT", "side": "ask", "price": 150.79, "size": 129, "operation": "update"}
{"timestamp": "2025-07-28T12:09:59.381056+00:00", "symbol": "MSFT", "side": "bid", "price": 150.82, "size": 132, "operation": "update"}
{"timestamp": "2025-07-28T12:09:59.422608+00:00", "symbol": "MSFT", "side": "ask", "price": 150.85, "size": 135, "operation": "update"}
{"timestamp": "2025-07-28T12:09:59.462057+00:00", "symbol": "MSFT", "side": "bid", "price": 150.88, "size": 138, "operation": "update"}
{"timestamp": "2025-07-28T12:09:59.502453+00:00", "symbol": "MSFT", "side": "ask", "price": 150.91, "size": 141, "operation": "update"}
{"timestamp": "2025-07-28T12:09:59.542294+00:00", "symbol": "MSFT", "side": "bid", "price": 150.94, "size": 144, "operation": "update"}
{"timestamp": "2025-07-28T12:09:59.582628+00:00", "symbol": "MSFT", "side": "ask", "price": 150.97, "size": 147, "operation": "update"}
{"timestamp": "2025-07-28T12:09:59.622915+00:00", "symbol": "MSFT", "side": "bid", "price": 150.0, "size": 100, "operation": "update"}
{"timestamp": "2025-07-28T12:09:59.665105+00:00", "symbol": "MSFT", "side": "ask", "price": 150.03, "size": 103, "operation": "update"}
{"timestamp": "2025-07-28T12:09:59.706648+00:00", "symbol": "MSFT", "side": "bid", "price": 150.06, "size": 106, "operation": "update"}
{"timestamp": "2025-07-28T12:09:59.746926+00:00", "symbol": "MSFT", "side": "ask", "price": 150.09, "size": 109, "operation": "update"}
{"timestamp": "2025-07-28T12:09:59.787341+00:00", "symbol": "MSFT", "side": "bid", "price": 150.12, "size": 112, "operation": "update"}
{"timestamp": "2025-07-28T12:09:59.827297+00:00", "symbol": "MSFT", "side": "ask", "price": 150.15, "size": 115, "operation": "update"}
{"timestamp": "2025-07-28T12:09:59.866823+00:00", "symbol": "MSFT", "side": "bid", "price": 150.18, "size": 118, "operation": "update"}
{"timestamp": "2025-07-28T12:09:59.906519+00:00", "symbol": "MSFT", "side": "ask", "price": 150.21, "size": 121, "operation": "update"}
{"timestamp": "2025-07-28T12:09:59.951470+00:00", "symbol": "MSFT", "side": "bid", "price": 150.24, "size": 124, "operation": "update"}
{"timestamp": "2025-07-28T12:09:59.992832+00:00", "symbol": "MSFT", "side": "ask", "price": 150.27, "size": 127, "operation": "update"}
{"timestamp": "2025-07-28T12:10:00.034503+00:00", "symbol": "MSFT", "side": "bid", "price": 150.3, "size": 130, "operation": "update"}
{"timestamp": "2025-07-28T12:10:00.075235+00:00", "symbol": "MSFT", "side": "ask", "price": 150.33, "size": 133, "operation": "update"}
{"timestamp": "2025-07-28T12:10:00.116636+00:00", "symbol": "MSFT", "side": "bid", "price": 150.36, "size": 136, "operation": "update"}
{"timestamp": "2025-07-28T12:10:00.157409+00:00", "symbol": "MSFT", "side": "ask", "price": 150.39, "size": 139, "operation": "update"}
{"timestamp": "2025-07-28T12:10:00.198042+00:00", "symbol": "MSFT", "side": "bid", "price": 150.42, "size": 142, "operation": "update"}
{"timestamp": "2025-07-28T12:10:00.237312+00:00", "symbol": "MSFT", "side": "ask", "price": 150.45, "size": 145, "operation": "update"}
{"timestamp": "2025-07-28T12:10:00.279418+00:00", "symbol": "MSFT", "side": "bid", "price": 150.48, "size": 148, "operation": "update"}
{"timestamp": "2025-07-28T12:10:00.320884+00:00", "symbol": "MSFT", "side": "ask", "price": 150.51, "size": 101, "operation": "update"}
{"timestamp": "2025-07-28T12:10:00.361541+00:00", "symbol": "MSFT", "side": "bid", "price": 150.54, "size": 104, "operation": "update"}
{"timestamp": "2025-07-28T12:10:00.402217+00:00", "symbol": "MSFT", "side": "ask", "price": 150.57, "size": 107, "operation": "update"}
{"timestamp": "2025-07-28T12:10:00.442673+00:00", "symbol": "MSFT", "side": "bid", "price": 150.6, "size": 110, "operation": "update"}
{"timestamp": "2025-07-28T12:10:00.482754+00:00", "symbol": "MSFT", "side": "ask", "price": 150.63, "size": 113, "operation": "update"}
{"timestamp": "2025-07-28T12:10:00.523179+00:00", "symbol": "MSFT", "side": "bid", "price": 150.66, "size": 116, "operation": "update"}
{"timestamp": "2025-07-28T12:10:00.565954+00:00", "symbol": "MSFT", "side": "ask", "price": 150.69, "size": 119, "operation": "update"}
{"timestamp": "2025-07-28T12:10:00.610873+00:00", "symbol": "MSFT", "side": "bid", "price": 150.72, "size": 122, "operation": "update"}
{"timestamp": "2025-07-28T12:10:00.651254+00:00", "symbol": "MSFT", "side": "ask", "price": 150.75, "size": 125, "operation": "update"}
{"timestamp": "2025-07-28T12:10:00.690457+00:00", "symbol": "MSFT", "side": "bid", "price": 150.78, "size": 128, "operation": "update"}
{"timestamp": "2025-07-28T12:10:00.730405+00:00", "symbol": "MSFT", "side": "ask", "price": 150.81, "size": 131, "operation": "update"}
{"timestamp": "2025-07-28T12:10:00.770433+00:00", "symbol": "MSFT", "side": "bid", "price": 150.84, "size": 134, "operation": "update"}
{"timestamp": "2025-07-28T12:10:00.810158+00:00", "symbol": "MSFT", "side": "ask", "price": 150.87, "size": 137, "operation": "update"}
{"timestamp": "2025-07-28T12:10:00.850052+00:00", "symbol": "MSFT", "side": "bid", "price": 150.9, "size": 140, "operation": "update"}
{"timestamp": "2025-07-28T12:10:00.892794+00:00", "symbol": "MSFT", "side": "ask", "price": 150.93, "size": 143, "operation": "update"}
{"timestamp": "2025-07-28T12:10:00.933466+00:00", "symbol": "MSFT", "side": "bid", "price": 150.96, "size": 146, "operation": "update"}
{"timestamp": "2025-07-28T12:10:00.974262+00:00", "symbol": "MSFT", "side": "ask", "price": 150.99, "size": 149, "operation": "update"}
{"timestamp": "2025-07-28T12:10:01.016129+00:00", "symbol": "MSFT", "side": "bid", "price": 150.02, "size": 102, "operation": "update"}
{"timestamp": "2025-07-28T12:10:01.056084+00:00", "symbol": "MSFT", "side": "ask", "price": 150.05, "size": 105, "operation": "update"}
{"timestamp": "2025-07-28T12:10:01.095279+00:00", "symbol": "MSFT", "side": "bid", "price": 150.08, "size": 108, "operation": "update"}
{"timestamp": "2025-07-28T12:10:01.136210+00:00", "symbol": "MSFT", "side": "ask", "price": 150.11, "size": 111, "operation": "update"}
{"timestamp": "2025-07-28T12:10:01.177053+00:00", "symbol": "MSFT", "side": "bid", "price": 150.14, "size": 114, "operation": "update"}
{"timestamp": "2025-07-28T12:10:01.216956+00:00", "symbol": "MSFT", "side": "ask", "price": 150.17, "size": 117, "operation": "update"}
{"timestamp": "2025-07-28T12:10:01.258332+00:00", "symbol": "MSFT", "side": "bid", "price": 150.2, "size": 120, "operation": "update"}
{"timestamp": "2025-07-28T12:10:01.299676+00:00", "symbol": "MSFT", "side": "ask", "price": 150.23, "size": 123, "operation": "update"}
{"timestamp": "2025-07-28T12:10:01.339793+00:00", "symbol": "MSFT", "side": "bid", "price": 150.26, "size": 126, "operation": "update"}
{"timestamp": "2025-07-28T12:10:01.379381+00:00", "symbol": "MSFT", "side": "ask", "price": 150.29, "size": 129, "operation": "update"}
{"timestamp": "2025-07-28T12:10:01.420186+00:00", "symbol": "MSFT", "side": "bid", "price": 150.32, "size": 132, "operation": "update"}
{"timestamp": "2025-07-28T12:10:01.460210+00:00", "symbol": "MSFT", "side": "ask", "price": 150.35, "size": 135, "operation": "update"}
{"timestamp": "2025-07-28T12:10:01.500240+00:00", "symbol": "MSFT", "side": "bid", "price": 150.38, "size": 138, "operation": "update"}
{"timestamp": "2025-07-28T12:10:01.546000+00:00", "symbol": "MSFT", "side": "ask", "price": 150.41, "size": 141, "operation": "update"}
{"timestamp": "2025-07-28T12:10:01.587510+00:00", "symbol": "MSFT", "side": "bid", "price": 150.44, "size": 144, "operation": "update"}
{"timestamp": "2025-07-28T12:10:01.627874+00:00", "symbol": "MSFT", "side": "ask", "price": 150.47, "size": 147, "operation": "update"}
{"timestamp": "2025-07-28T12:10:01.669993+00:00", "symbol": "MSFT", "side": "bid", "price": 150.5, "size": 100, "operation": "update"}
{"timestamp": "2025-07-28T12:10:01.713828+00:00", "symbol": "MSFT", "side": "ask", "price": 150.53, "size": 103, "operation": "update"}
{"timestamp": "2025-07-28T12:10:01.756224+00:00", "symbol": "MSFT", "side": "bid", "price": 150.56, "size": 106, "operation": "update"}
{"timestamp": "2025-07-28T12:10:01.796717+00:00", "symbol": "MSFT", "side": "ask", "price": 150.59, "size": 109, "operation": "update"}
{"timestamp": "2025-07-28T12:10:01.837146+00:00", "symbol": "MSFT", "side": "bid", "price": 150.62, "size": 112, "operation": "update"}
{"timestamp": "2025-07-28T12:10:01.877560+00:00", "symbol": "MSFT", "side": "ask", "price": 150.65, "size": 115, "operation": "update"}
{"timestamp": "2025-07-28T12:10:01.919321+00:00", "symbol": "MSFT", "side": "bid", "price": 150.68, "size": 118, "operation": "update"}
{"timestamp": "2025-07-28T12:10:01.960203+00:00", "symbol": "MSFT", "side": "ask", "price": 150.71, "size": 121, "operation": "update"}
{"timestamp": "2025-07-28T12:10:02.002481+00:00", "symbol": "MSFT", "side": "bid", "price": 150.74, "size": 124, "operation": "update"}
{"timestamp": "2025-07-28T12:10:02.045355+00:00", "symbol": "MSFT", "side": "ask", "price": 150.77, "size": 127, "operation": "update"}
{"timestamp": "2025-07-28T12:10:02.087776+00:00", "symbol": "MSFT", "side": "bid", "price": 150.8, "size": 130, "operation": "update"}
{"timestamp": "2025-07-28T12:10:02.128646+00:00", "symbol": "MSFT", "side": "ask", "price": 150.83, "size": 133, "operation": "update"}
{"timestamp": "2025-07-28T12:10:02.167788+00:00", "symbol": "MSFT", "side": "bid", "price": 150.86, "size": 136, "operation": "update"}
{"timestamp": "2025-07-28T12:10:02.208007+00:00", "symbol": "MSFT", "side": "ask", "price": 150.89, "size": 139, "operation": "update"}
{"timestamp": "2025-07-28T12:10:02.247501+00:00", "symbol": "MSFT", "side": "bid", "price": 150.92, "size": 142, "operation": "update"}
{"timestamp": "2025-07-28T12:10:02.286879+00:00", "symbol": "MSFT", "side": "ask", "price": 150.95, "size": 145, "operation": "update"}
{"timestamp": "2025-07-28T12:10:02.328843+00:00", "symbol": "MSFT", "side": "bid", "price": 150.98, "size": 148, "operation": "update"}
{"timestamp": "2025-07-28T12:10:02.369411+00:00", "symbol": "MSFT", "side": "ask", "price": 150.01, "size": 101, "operation": "update"}
{"timestamp": "2025-07-28T12:10:02.409071+00:00", "symbol": "MSFT", "side": "bid", "price": 150.04, "size": 104, "operation": "update"}
{"timestamp": "2025-07-28T12:10:02.448129+00:00", "symbol": "MSFT", "side": "ask", "price": 150.07, "size": 107, "operation": "update"}
{"timestamp": "2025-07-28T12:10:02.490176+00:00", "symbol": "MSFT", "side": "bid", "price": 150.1, "size": 110, "operation": "update"}
{"timestamp": "2025-07-28T12:10:02.529840+00:00", "symbol": "MSFT", "side": "ask", "price": 150.13, "size": 113, "operation": "update"}
{"timestamp": "2025-07-28T12:10:02.569606+00:00", "symbol": "MSFT", "side": "bid", "price": 150.16, "size": 116, "operation": "update"}
{"timestamp": "2025-07-28T12:10:02.611962+00:00", "symbol": "MSFT", "side": "ask", "price": 150.19, "size": 119, "operation": "update"}
{"timestamp": "2025-07-28T12:10:02.652424+00:00", "symbol": "MSFT", "side": "bid", "price": 150.22, "size": 122, "operation": "update"}
{"timestamp": "2025-07-28T12:10:02.695786+00:00", "symbol": "MSFT", "side": "ask", "price": 150.25, "size": 125, "operation": "update"}
{"timestamp": "2025-07-28T12:10:02.736239+00:00", "symbol": "MSFT", "side": "bid", "price": 150.28, "size": 128, "operation": "update"}
{"timestamp": "2025-07-28T12:10:02.777316+00:00", "symbol": "MSFT", "side": "ask", "price": 150.31, "size": 131, "operation": "update"}
{"timestamp": "2025-07-28T12:10:02.817253+00:00", "symbol": "MSFT", "side": "bid", "price": 150.34, "size": 134, "operation": "update"}
{"timestamp": "2025-07-28T12:10:02.857169+00:00", "symbol": "MSFT", "side": "ask", "price": 150.37, "size": 137, "operation": "update"}
{"timestamp": "2025-07-28T12:10:02.897466+00:00", "symbol": "MSFT", "side": "bid", "price": 150.4, "size": 140, "operation": "update"}
{"timestamp": "2025-07-28T12:10:02.938172+00:00", "symbol": "MSFT", "side": "ask", "price": 150.43, "size": 143, "operation": "update"}
{"timestamp": "2025-07-28T12:10:02.978401+00:00", "symbol": "MSFT", "side": "bid", "price": 150.46, "size": 146, "operation": "update"}
{"timestamp": "2025-07-28T12:10:03.018235+00:00", "symbol": "MSFT", "side": "ask", "price": 150.49, "size": 149, "operation": "update"}
{"timestamp": "2025-07-28T12:10:03.058863+00:00", "symbol": "MSFT", "side": "bid", "price": 150.52, "size": 102, "operation": "update"}
{"timestamp": "2025-07-28T12:10:03.097632+00:00", "symbol": "MSFT", "side": "ask", "price": 150.55, "size": 105, "operation": "update"}
{"timestamp": "2025-07-28T12:10:03.137762+00:00", "symbol": "MSFT", "side": "bid", "price": 150.58, "size": 108, "operation": "update"}
{"timestamp": "2025-07-28T12:10:03.179118+00:00", "symbol": "MSFT", "side": "ask", "price": 150.61, "size": 111, "operation": "update"}
{"timestamp": "2025-07-28T12:10:03.218409+00:00", "symbol": "MSFT", "side": "bid", "price": 150.64, "size": 114, "operation": "update"}
{"timestamp": "2025-07-28T12:10:03.258729+00:00", "symbol": "MSFT", "side": "ask", "price": 150.67, "size": 117, "operation": "update"}
{"timestamp": "2025-07-28T12:10:03.299676+00:00", "symbol": "MSFT", "side": "bid", "price": 150.7, "size": 120, "operation": "update"}
{"timestamp": "2025-07-28T12:10:03.343525+00:00", "symbol": "MSFT", "side": "ask", "price": 150.73, "size": 123, "operation": "update"}
{"timestamp": "2025-07-28T12:10:03.383751+00:00", "symbol": "MSFT", "side": "bid", "price": 150.76, "size": 126, "operation": "update"}
{"timestamp": "2025-07-28T12:10:03.424339+00:00", "symbol": "MSFT", "side": "ask", "price": 150.79, "size": 129, "operation": "update"}
{"timestamp": "2025-07-28T12:10:03.465582+00:00", "symbol": "MSFT", "side": "bid", "price": 150.82, "size": 132, "operation": "update"}
{"timestamp": "2025-07-28T12:10:03.508214+00:00", "symbol": "MSFT", "side": "ask", "price": 150.85, "size": 135, "operation": "update"}
{"timestamp": "2025-07-28T12:10:03.548869+00:00", "symbol": "MSFT", "side": "bid", "price": 150.88, "size": 138, "operation": "update"}
{"timestamp": "2025-07-28T12:10:03.590611+00:00", "symbol": "MSFT", "side": "ask", "price": 150.91, "size": 141, "operation": "update"}
{"timestamp": "2025-07-28T12:10:03.631238+00:00", "symbol": "MSFT", "side": "bid", "price": 150.94, "size": 144, "operation": "update"}
{"timestamp": "2025-07-28T12:10:03.673179+00:00", "symbol": "MSFT", "side": "ask", "price": 150.97, "size": 147, "operation": "update"}
{"timestamp": "2025-07-28T12:10:03.716678+00:00", "symbol": "MSFT", "side": "bid", "price": 150.0, "size": 100, "operation": "update"}
{"timestamp": "2025-07-28T12:10:03.760293+00:00", "symbol": "MSFT", "side": "ask", "price": 150.03, "size": 103, "operation": "update"}
{"timestamp": "2025-07-28T12:10:03.800549+00:00", "symbol": "MSFT", "side": "bid", "price": 150.06, "size": 106, "operation": "update"}
{"timestamp": "2025-07-28T12:10:03.842174+00:00", "symbol": "MSFT", "side": "ask", "price": 150.09, "size": 109, "operation": "update"}
{"timestamp": "2025-07-28T12:10:03.883748+00:00", "symbol": "MSFT", "side": "bid", "price": 150.12, "size": 112, "operation": "update"}
{"timestamp": "2025-07-28T12:10:03.924539+00:00", "symbol": "MSFT", "side": "ask", "price": 150.15, "size": 115, "operation": "update"}
{"timestamp": "2025-07-28T12:10:03.966315+00:00", "symbol": "MSFT", "side": "bid", "price": 150.18, "size": 118, "operation": "update"}
{"timestamp": "2025-07-28T12:10:04.010450+00:00", "symbol": "MSFT", "side": "ask", "price": 150.21, "size": 121, "operation": "update"}
{"timestamp": "2025-07-28T12:10:04.050374+00:00", "symbol": "MSFT", "side": "bid", "price": 150.24, "size": 124, "operation": "update"}
{"timestamp": "2025-07-28T12:10:04.092122+00:00", "symbol": "MSFT", "side": "ask", "price": 150.27, "size": 127, "operation": "update"}
{"timestamp": "2025-07-28T12:10:04.134719+00:00", "symbol": "MSFT", "side": "bid", "price": 150.3, "size": 130, "operation": "update"}
{"timestamp": "2025-07-28T12:10:04.175171+00:00", "symbol": "MSFT", "side": "ask", "price": 150.33, "size": 133, "operation": "update"}
{"timestamp": "2025-07-28T12:10:04.216603+00:00", "symbol": "MSFT", "side": "bid", "price": 150.36, "size": 136, "operation": "update"}
{"timestamp": "2025-07-28T12:10:04.258300+00:00", "symbol": "MSFT", "side": "ask", "price": 150.39, "size": 139, "operation": "update"}
{"timestamp": "2025-07-28T12:10:04.298412+00:00", "symbol": "MSFT", "side": "bid", "price": 150.42, "size": 142, "operation": "update"}
{"timestamp": "2025-07-28T12:10:04.339321+00:00", "symbol": "MSFT", "side": "ask", "price": 150.45, "size": 145, "operation": "update"}
{"timestamp": "2025-07-28T12:10:04.380320+00:00", "symbol": "MSFT", "side": "bid", "price": 150.48, "size": 148, "operation": "update"}
{"timestamp": "2025-07-28T12:10:04.420752+00:00", "symbol": "MSFT", "side": "ask", "price": 150.51, "size": 101, "operation": "update"}
{"timestamp": "2025-07-28T12:10:04.461472+00:00", "symbol": "MSFT", "side": "bid", "price": 150.54, "size": 104, "operation": "update"}
{"timestamp": "2025-07-28T12:10:04.503822+00:00", "symbol": "MSFT", "side": "ask", "price": 150.57, "size": 107, "operation": "update"}
{"timestamp": "2025-07-28T12:10:04.545222+00:00", "symbol": "MSFT", "side": "bid", "price": 150.6, "size": 110, "operation": "update"}
{"timestamp": "2025-07-28T12:10:04.590654+00:00", "symbol": "MSFT", "side": "ask", "price": 150.63, "size": 113, "operation": "update"}
{"timestamp": "2025-07-28T12:10:04.631743+00:00", "symbol": "MSFT", "side": "bid", "price": 150.66, "size": 116, "operation": "update"}
{"timestamp": "2025-07-28T12:10:04.673698+00:00", "symbol": "MSFT", "side": "ask", "price": 150.69, "size": 119, "operation": "update"}
{"timestamp": "2025-07-28T12:10:04.715509+00:00", "symbol": "MSFT", "side": "bid", "price": 150.72, "size": 122, "operation": "update"}
{"timestamp": "2025-07-28T12:10:04.758948+00:00", "symbol": "MSFT", "side": "ask", "price": 150.75, "size": 125, "operation": "update"}
{"timestamp": "2025-07-28T12:10:04.799602+00:00", "symbol": "MSFT", "side": "bid", "price": 150.78, "size": 128, "operation": "update"}
{"timestamp": "2025-07-28T12:10:04.843186+00:00", "symbol": "MSFT", "side": "ask", "price": 150.81, "size": 131, "operation": "update"}
{"timestamp": "2025-07-28T12:10:04.885345+00:00", "symbol": "MSFT", "side": "bid", "price": 150.84, "size": 134, "operation": "update"}
{"timestamp": "2025-07-28T12:10:04.928535+00:00", "symbol": "MSFT", "side": "ask", "price": 150.87, "size": 137, "operation": "update"}
{"timestamp": "2025-07-28T12:10:04.970835+00:00", "symbol": "MSFT", "side": "bid", "price": 150.9, "size": 140, "operation": "update"}
{"timestamp": "2025-07-28T12:10:05.012785+00:00", "symbol": "MSFT", "side": "ask", "price": 150.93, "size": 143, "operation": "update"}
{"timestamp": "2025-07-28T12:10:05.055139+00:00", "symbol": "MSFT", "side": "bid", "price": 150.96, "size": 146, "operation": "update"}
{"timestamp": "2025-07-28T12:10:05.096473+00:00", "symbol": "MSFT", "side": "ask", "price": 150.99, "size": 149, "operation": "update"}
{"timestamp": "2025-07-28T12:10:05.137083+00:00", "symbol": "MSFT", "side": "bid", "price": 150.02, "size": 102, "operation": "update"}
{"timestamp": "2025-07-28T12:10:05.179440+00:00", "symbol": "MSFT", "side": "ask", "price": 150.05, "size": 105, "operation": "update"}
{"timestamp": "2025-07-28T12:10:05.220347+00:00", "symbol": "MSFT", "side": "bid", "price": 150.08, "size": 108, "operation": "update"}
{"timestamp": "2025-07-28T12:10:05.262279+00:00", "symbol": "MSFT", "side": "ask", "price": 150.11, "size": 111, "operation": "update"}
{"timestamp": "2025-07-28T12:10:05.303271+00:00", "symbol": "MSFT", "side": "bid", "price": 150.14, "size": 114, "operation": "update"}
{"timestamp": "2025-07-28T12:10:05.343756+00:00", "symbol": "MSFT", "side": "ask", "price": 150.17, "size": 117, "operation": "update"}
{"timestamp": "2025-07-28T12:10:05.384902+00:00", "symbol": "MSFT", "side": "bid", "price": 150.2, "size": 120, "operation": "update"}
{"timestamp": "2025-07-28T12:10:05.425272+00:00", "symbol": "MSFT", "side": "ask", "price": 150.23, "size": 123, "operation": "update"}
{"timestamp": "2025-07-28T12:10:05.464982+00:00", "symbol": "MSFT", "side": "bid", "price": 150.26, "size": 126, "operation": "update"}
{"timestamp": "2025-07-28T12:10:05.505435+00:00", "symbol": "MSFT", "side": "ask", "price": 150.29, "size": 129, "operation": "update"}
{"timestamp": "2025-07-28T12:10:05.546028+00:00", "symbol": "MSFT", "side": "bid", "price": 150.32, "size": 132, "operation": "update"}
{"timestamp": "2025-07-28T12:10:05.586834+00:00", "symbol": "MSFT", "side": "ask", "price": 150.35, "size": 135, "operation": "update"}
{"timestamp": "2025-07-28T12:10:05.629657+00:00", "symbol": "MSFT", "side": "bid", "price": 150.38, "size": 138, "operation": "update"}
{"timestamp": "2025-07-28T12:10:05.670203+00:00", "symbol": "MSFT", "side": "ask", "price": 150.41, "size": 141, "operation": "update"}
{"timestamp": "2025-07-28T12:10:05.711212+00:00", "symbol": "MSFT", "side": "bid", "price": 150.44, "size": 144, "operation": "update"}
{"timestamp": "2025-07-28T12:10:05.752582+00:00", "symbol": "MSFT", "side": "ask", "price": 150.47, "size": 147, "operation": "update"}
{"timestamp": "2025-07-28T12:10:05.796021+00:00", "symbol": "MSFT", "side": "bid", "price": 150.5, "size": 100, "operation": "update"}
{"timestamp": "2025-07-28T12:10:05.839138+00:00", "symbol": "MSFT", "side": "ask", "price": 150.53, "size": 103, "operation": "update"}
{"timestamp": "2025-07-28T12:10:05.879792+00:00", "symbol": "MSFT", "side": "bid", "price": 150.56, "size": 106, "operation": "update"}
{"timestamp": "2025-07-28T12:10:05.920474+00:00", "symbol": "MSFT", "side": "ask", "price": 150.59, "size": 109, "operation": "update"}
{"timestamp": "2025-07-28T12:10:05.963064+00:00", "symbol": "MSFT", "side": "bid", "price": 150.62, "size": 112, "operation": "update"}
{"timestamp": "2025-07-28T12:10:06.006542+00:00", "symbol": "MSFT", "side": "ask", "price": 150.65, "size": 115, "operation": "update"}
{"timestamp": "2025-07-28T12:10:06.048590+00:00", "symbol": "MSFT", "side": "bid", "price": 150.68, "size": 118, "operation": "update"}
{"timestamp": "2025-07-28T12:10:06.090184+00:00", "symbol": "MSFT", "side": "ask", "price": 150.71, "size": 121, "operation": "update"}
{"timestamp": "2025-07-28T12:10:06.131736+00:00", "symbol": "MSFT", "side": "bid", "price": 150.74, "size": 124, "operation": "update"}
{"timestamp": "2025-07-28T12:10:06.174845+00:00", "symbol": "MSFT", "side": "ask", "price": 150.77, "size": 127, "operation": "update"}
{"timestamp": "2025-07-28T12:10:06.214395+00:00", "symbol": "MSFT", "side": "bid", "price": 150.8, "size": 130, "operation": "update"}
{"timestamp": "2025-07-28T12:10:06.255280+00:00", "symbol": "MSFT", "side": "ask", "price": 150.83, "size": 133, "operation": "update"}
{"timestamp": "2025-07-28T12:10:06.296027+00:00", "symbol": "MSFT", "side": "bid", "price": 150.86, "size": 136, "operation": "update"}
{"timestamp": "2025-07-28T12:10:06.336375+00:00", "symbol": "MSFT", "side": "ask", "price": 150.89, "size": 139, "operation": "update"}
{"timestamp": "2025-07-28T12:10:06.376623+00:00", "symbol": "MSFT", "side": "bid", "price": 150.92, "size": 142, "operation": "update"}
{"timestamp": "2025-07-28T12:10:06.417980+00:00", "symbol": "MSFT", "side": "ask", "price": 150.95, "size": 145, "operation": "update"}
{"timestamp": "2025-07-28T12:10:06.457729+00:00", "symbol": "MSFT", "side": "bid", "price": 150.98, "size": 148, "operation": "update"}
{"timestamp": "2025-07-28T12:10:06.498050+00:00", "symbol": "MSFT", "side": "ask", "price": 150.01, "size": 101, "operation": "update"}
{"timestamp": "2025-07-28T12:10:06.540039+00:00", "symbol": "MSFT", "side": "bid", "price": 150.04, "size": 104, "operation": "update"}
{"timestamp": "2025-07-28T12:10:06.581152+00:00", "symbol": "MSFT", "side": "ask", "price": 150.07, "size": 107, "operation": "update"}
{"timestamp": "2025-07-28T12:10:06.620847+00:00", "symbol": "MSFT", "side": "bid", "price": 150.1, "size": 110, "operation": "update"}
{"timestamp": "2025-07-28T12:10:06.659611+00:00", "symbol": "MSFT", "side": "ask", "price": 150.13, "size": 113, "operation": "update"}
{"timestamp": "2025-07-28T12:10:06.698740+00:00", "symbol": "MSFT", "side": "bid", "price": 150.16, "size": 116, "operation": "update"}
{"timestamp": "2025-07-28T12:10:06.738270+00:00", "symbol": "MSFT", "side": "ask", "price": 150.19, "size": 119, "operation": "update"}
{"timestamp": "2025-07-28T12:10:06.777993+00:00", "symbol": "MSFT", "side": "bid", "price": 150.22, "size": 122, "operation": "update"}
{"timestamp": "2025-07-28T12:10:06.817644+00:00", "symbol": "MSFT", "side": "ask", "price": 150.25, "size": 125, "operation": "update"}
{"timestamp": "2025-07-28T12:10:06.856800+00:00", "symbol": "MSFT", "side": "bid", "price": 150.28, "size": 128, "operation": "update"}
{"timestamp": "2025-07-28T12:10:06.897600+00:00", "symbol": "MSFT", "side": "ask", "price": 150.31, "size": 131, "operation": "update"}
{"timestamp": "2025-07-28T12:10:06.937281+00:00", "symbol": "MSFT", "side": "bid", "price": 150.34, "size": 134, "operation": "update"}
{"timestamp": "2025-07-28T12:10:06.976853+00:00", "symbol": "MSFT", "side": "ask", "price": 150.37, "size": 137, "operation": "update"}
{"timestamp": "2025-07-28T12:10:07.016310+00:00", "symbol": "MSFT", "side": "bid", "price": 150.4, "size": 140, "operation": "update"}
{"timestamp": "2025-07-28T12:10:07.059189+00:00", "symbol": "MSFT", "side": "ask", "price": 150.43, "size": 143, "operation": "update"}
{"timestamp": "2025-07-28T12:10:07.099321+00:00", "symbol": "MSFT", "side": "bid", "price": 150.46, "size": 146, "operation": "update"}
{"timestamp": "2025-07-28T12:10:07.141480+00:00", "symbol": "MSFT", "side": "ask", "price": 150.49, "size": 149, "operation": "update"}
{"timestamp": "2025-07-28T12:10:07.181541+00:00", "symbol": "MSFT", "side": "bid", "price": 150.52, "size": 102, "operation": "update"}
{"timestamp": "2025-07-28T12:10:07.220491+00:00", "symbol": "MSFT", "side": "ask", "price": 150.55, "size": 105, "operation": "update"}
{"timestamp": "2025-07-28T12:10:07.260343+00:00", "symbol": "MSFT", "side": "bid", "price": 150.58, "size": 108, "operation": "update"}
{"timestamp": "2025-07-28T12:10:07.300156+00:00", "symbol": "MSFT", "side": "ask", "price": 150.61, "size": 111, "operation": "update"}
{"timestamp": "2025-07-28T12:10:07.340122+00:00", "symbol": "MSFT", "side": "bid", "price": 150.64, "size": 114, "operation": "update"}
{"timestamp": "2025-07-28T12:10:07.379479+00:00", "symbol": "MSFT", "side": "ask", "price": 150.67, "size": 117, "operation": "update"}
{"timestamp": "2025-07-28T12:10:07.418751+00:00", "symbol": "MSFT", "side": "bid", "price": 150.7, "size": 120, "operation": "update"}
{"timestamp": "2025-07-28T12:10:07.458859+00:00", "symbol": "MSFT", "side": "ask", "price": 150.73, "size": 123, "operation": "update"}
{"timestamp": "2025-07-28T12:10:07.500353+00:00", "symbol": "MSFT", "side": "bid", "price": 150.76, "size": 126, "operation": "update"}
{"timestamp": "2025-07-28T12:10:07.539315+00:00", "symbol": "MSFT", "side": "ask", "price": 150.79, "size": 129, "operation": "update"}
{"timestamp": "2025-07-28T12:10:07.580138+00:00", "symbol": "MSFT", "side": "bid", "price": 150.82, "size": 132, "operation": "update"}
{"timestamp": "2025-07-28T12:10:07.621208+00:00", "symbol": "MSFT", "side": "ask", "price": 150.85, "size": 135, "operation": "update"}
{"timestamp": "2025-07-28T12:10:07.660780+00:00", "symbol": "MSFT", "side": "bid", "price": 150.88, "size": 138, "operation": "update"}
{"timestamp": "2025-07-28T12:10:07.701289+00:00", "symbol": "MSFT", "side": "ask", "price": 150.91, "size": 141, "operation": "update"}
{"timestamp": "2025-07-28T12:10:07.741192+00:00", "symbol": "MSFT", "side": "bid", "price": 150.94, "size": 144, "operation": "update"}
{"timestamp": "2025-07-28T12:10:07.784093+00:00", "symbol": "MSFT", "side": "ask", "price": 150.97, "size": 147, "operation": "update"}
{"timestamp": "2025-07-28T12:10:07.823806+00:00", "symbol": "MSFT", "side": "bid", "price": 150.0, "size": 100, "operation": "update"}
{"timestamp": "2025-07-28T12:10:07.863975+00:00", "symbol": "MSFT", "side": "ask", "price": 150.03, "size": 103, "operation": "update"}
