[{"timestamp": "2025-07-22T01:23:52.960121", "bids": [[161.166, 350]], "asks": []}, {"timestamp": "2025-07-22T01:23:58.595610", "bids": [[168.537, 483], [161.166, 350]], "asks": []}, {"timestamp": "2025-07-22T01:24:04.089552", "bids": [[168.537, 483], [161.166, 350]], "asks": []}, {"timestamp": "2025-07-22T01:24:09.531304", "bids": [[180.651, 377], [168.537, 483], [161.166, 350]], "asks": []}, {"timestamp": "2025-07-22T01:24:15.163079", "bids": [[180.651, 377], [177.947, 499], [168.537, 483], [161.166, 350]], "asks": []}, {"timestamp": "2025-07-22T01:24:20.695551", "bids": [[180.651, 377], [177.947, 499], [174.965, 199], [168.537, 483], [161.166, 350]], "asks": []}, {"timestamp": "2025-07-22T01:24:26.221466", "bids": [[180.651, 377], [177.947, 499], [174.965, 199], [168.537, 483], [161.166, 350]], "asks": []}, {"timestamp": "2025-07-22T01:24:31.603012", "bids": [[180.651, 377], [177.947, 499], [174.965, 199], [168.537, 483], [161.166, 350]], "asks": []}, {"timestamp": "2025-07-22T01:24:37.107476", "bids": [[180.651, 377], [177.947, 499], [176.518, 675], [174.965, 199], [168.537, 483], [161.166, 350]], "asks": []}, {"timestamp": "2025-07-22T01:24:42.616915", "bids": [[182.383, 528], [180.651, 377], [177.947, 499], [176.518, 675], [174.965, 199], [168.537, 483], [161.166, 350]], "asks": []}, {"timestamp": "2025-07-22T01:24:48.194135", "bids": [[188.9, 632], [182.383, 528], [180.651, 377], [177.947, 499], [176.518, 675], [174.965, 199], [168.537, 483], [161.166, 350]], "asks": []}, {"timestamp": "2025-07-22T01:24:53.701591", "bids": [[188.9, 632], [185.578, 396], [182.383, 528], [180.651, 377], [177.947, 499], [176.518, 675], [174.965, 199], [168.537, 483], [161.166, 350]], "asks": []}, {"timestamp": "2025-07-22T01:24:59.169930", "bids": [[192.313, 471], [188.9, 632], [185.578, 396], [182.383, 528], [180.651, 377], [177.947, 499], [176.518, 675], [174.965, 199], [168.537, 483], [161.166, 350]], "asks": []}, {"timestamp": "2025-07-22T01:25:04.711609", "bids": [[192.313, 471], [190.921, 413], [188.9, 632], [185.578, 396], [182.383, 528], [180.651, 377], [177.947, 499], [176.518, 675], [174.965, 199], [168.537, 483]], "asks": []}, {"timestamp": "2025-07-22T01:25:10.258678", "bids": [[192.313, 471], [190.921, 413], [188.9, 632], [185.578, 396], [182.383, 528], [180.651, 377], [177.947, 499], [176.518, 675], [174.965, 199], [168.537, 483]], "asks": []}, {"timestamp": "2025-07-22T01:25:15.809725", "bids": [[192.313, 471], [190.921, 413], [189.719, 577], [188.9, 632], [185.578, 396], [182.383, 528], [180.651, 377], [177.947, 499], [176.518, 675], [174.965, 199]], "asks": []}, {"timestamp": "2025-07-22T01:25:21.239468", "bids": [[194.784, 424], [192.313, 471], [190.921, 413], [189.719, 577], [188.9, 632], [185.578, 396], [182.383, 528], [180.651, 377], [177.947, 499], [176.518, 675]], "asks": []}, {"timestamp": "2025-07-22T01:25:26.790017", "bids": [[194.784, 424], [192.313, 471], [191.523, 379], [190.921, 413], [189.719, 577], [188.9, 632], [185.578, 396], [182.383, 528], [180.651, 377], [177.947, 499]], "asks": []}, {"timestamp": "2025-07-22T01:25:32.178305", "bids": [[194.784, 424], [192.313, 471], [191.523, 379], [190.921, 413], [189.719, 577], [188.9, 632], [185.578, 396], [182.383, 528], [180.651, 377], [177.947, 499]], "asks": []}, {"timestamp": "2025-07-22T01:25:37.643807", "bids": [[204.739, 556], [194.784, 424], [192.313, 471], [191.523, 379], [190.921, 413], [189.719, 577], [188.9, 632], [185.578, 396], [182.383, 528], [180.651, 377]], "asks": []}, {"timestamp": "2025-07-22T01:25:43.350048", "bids": [[211.362, 602], [204.739, 556], [194.784, 424], [192.313, 471], [191.523, 379], [190.921, 413], [189.719, 577], [188.9, 632], [185.578, 396], [182.383, 528]], "asks": []}, {"timestamp": "2025-07-22T01:25:48.737247", "bids": [[215.081, 398], [211.362, 602], [204.739, 556], [194.784, 424], [192.313, 471], [191.523, 379], [190.921, 413], [189.719, 577], [188.9, 632], [185.578, 396]], "asks": []}, {"timestamp": "2025-07-22T01:25:54.131632", "bids": [[215.081, 398], [211.362, 602], [204.739, 556], [194.784, 424], [192.313, 471], [191.523, 379], [190.921, 413], [189.719, 577], [188.9, 632], [185.578, 396]], "asks": []}, {"timestamp": "2025-07-22T01:25:59.604599", "bids": [[230.647, 432], [215.081, 398], [211.362, 602], [204.739, 556], [194.784, 424], [192.313, 471], [191.523, 379], [190.921, 413], [189.719, 577], [188.9, 632]], "asks": []}, {"timestamp": "2025-07-22T01:26:05.103700", "bids": [[230.647, 432], [221.817, 492], [215.081, 398], [211.362, 602], [204.739, 556], [194.784, 424], [192.313, 471], [191.523, 379], [190.921, 413], [189.719, 577]], "asks": []}, {"timestamp": "2025-07-22T01:26:10.530975", "bids": [[230.647, 432], [224.208, 745], [221.817, 492], [215.081, 398], [211.362, 602], [204.739, 556], [194.784, 424], [192.313, 471], [191.523, 379], [190.921, 413]], "asks": []}, {"timestamp": "2025-07-22T01:26:15.995706", "bids": [[230.647, 432], [224.208, 745], [221.817, 492], [215.081, 398], [211.362, 602], [207.19, 620], [204.739, 556], [194.784, 424], [192.313, 471], [191.523, 379]], "asks": []}, {"timestamp": "2025-07-22T01:26:21.586102", "bids": [[230.647, 432], [224.208, 745], [221.817, 492], [215.081, 398], [211.362, 602], [207.19, 620], [204.739, 556], [195.507, 714], [194.784, 424], [192.313, 471]], "asks": []}, {"timestamp": "2025-07-22T01:26:27.165708", "bids": [[230.647, 432], [224.208, 745], [221.817, 492], [215.081, 398], [211.362, 602], [207.19, 620], [204.739, 556], [195.507, 714], [194.784, 424], [194.524, 702]], "asks": []}, {"timestamp": "2025-07-22T01:26:32.629257", "bids": [[230.647, 432], [224.208, 745], [221.817, 492], [215.081, 398], [211.362, 602], [207.19, 620], [204.739, 556], [195.507, 714], [194.784, 424], [194.524, 702]], "asks": []}, {"timestamp": "2025-07-22T01:26:38.114107", "bids": [[230.647, 432], [224.208, 745], [221.817, 492], [215.081, 398], [211.362, 602], [207.19, 620], [204.739, 556], [195.507, 714], [195.212, 463], [194.784, 424]], "asks": []}, {"timestamp": "2025-07-22T01:26:43.672687", "bids": [[230.647, 432], [224.208, 745], [221.817, 492], [215.081, 398], [211.362, 602], [207.19, 620], [206.696, 235], [204.739, 556], [195.507, 714], [195.212, 463]], "asks": []}, {"timestamp": "2025-07-22T01:26:49.021242", "bids": [[230.647, 432], [224.208, 745], [221.817, 492], [215.081, 398], [211.362, 602], [207.19, 620], [206.696, 235], [204.739, 556], [195.507, 714], [195.212, 463]], "asks": []}, {"timestamp": "2025-07-22T01:26:54.491474", "bids": [[230.647, 432], [224.208, 745], [221.817, 492], [215.081, 398], [211.362, 602], [207.19, 620], [206.696, 235], [204.739, 556], [197.156, 340], [195.507, 714]], "asks": []}, {"timestamp": "2025-07-22T01:27:00.090659", "bids": [[230.647, 432], [224.208, 745], [221.817, 492], [215.081, 398], [211.362, 602], [207.19, 620], [206.696, 235], [204.739, 556], [197.156, 340], [195.507, 714]], "asks": []}, {"timestamp": "2025-07-22T01:27:05.682925", "bids": [[230.647, 432], [224.208, 745], [221.817, 492], [215.081, 398], [211.362, 602], [207.19, 620], [206.696, 235], [204.739, 556], [203.329, 263], [197.156, 340]], "asks": []}, {"timestamp": "2025-07-22T01:27:11.226898", "bids": [[230.647, 432], [224.208, 745], [221.817, 492], [215.081, 398], [211.362, 602], [210.97, 572], [207.19, 620], [206.696, 235], [204.739, 556], [203.329, 263]], "asks": []}, {"timestamp": "2025-07-22T01:27:16.722859", "bids": [[230.647, 432], [224.208, 745], [221.817, 492], [217.028, 601], [215.081, 398], [211.362, 602], [210.97, 572], [207.19, 620], [206.696, 235], [204.739, 556]], "asks": []}, {"timestamp": "2025-07-22T01:27:22.222330", "bids": [[230.647, 432], [224.208, 745], [221.817, 492], [217.028, 601], [215.081, 398], [211.362, 602], [210.97, 572], [210.334, 724], [207.19, 620], [206.696, 235]], "asks": []}, {"timestamp": "2025-07-22T01:27:27.828490", "bids": [[230.647, 432], [224.208, 745], [221.817, 492], [217.028, 601], [215.081, 398], [211.362, 602], [210.97, 572], [210.553, 463], [210.334, 724], [207.19, 620]], "asks": []}, {"timestamp": "2025-07-22T01:27:33.274437", "bids": [[230.647, 432], [224.208, 745], [221.817, 492], [217.028, 601], [215.361, 613], [215.081, 398], [211.362, 602], [210.97, 572], [210.553, 463], [210.334, 724]], "asks": []}, {"timestamp": "2025-07-22T01:27:38.693150", "bids": [[230.647, 432], [224.208, 745], [221.817, 492], [217.028, 601], [215.361, 613], [215.081, 398], [212.408, 305], [211.362, 602], [210.97, 572], [210.553, 463]], "asks": []}, {"timestamp": "2025-07-22T01:27:44.246360", "bids": [[230.647, 432], [224.208, 745], [221.817, 492], [217.028, 601], [215.361, 613], [215.081, 398], [212.408, 305], [211.362, 602], [210.97, 572], [210.553, 463]], "asks": []}, {"timestamp": "2025-07-22T01:27:49.763999", "bids": [[230.647, 432], [224.208, 745], [221.817, 492], [217.028, 601], [215.361, 613], [215.081, 398], [212.408, 305], [211.362, 602], [210.97, 572], [210.553, 463]], "asks": []}, {"timestamp": "2025-07-22T01:27:55.269929", "bids": [[230.647, 432], [224.208, 745], [221.817, 492], [217.028, 601], [215.361, 613], [215.081, 398], [212.408, 305], [211.362, 602], [210.97, 572], [210.553, 463]], "asks": []}, {"timestamp": "2025-07-22T01:28:00.720938", "bids": [[230.647, 432], [224.208, 745], [221.817, 492], [217.028, 601], [215.361, 613], [215.081, 398], [212.408, 305], [211.362, 602], [210.97, 572], [210.553, 463]], "asks": []}, {"timestamp": "2025-07-22T01:28:06.196118", "bids": [[230.647, 432], [224.208, 745], [221.817, 492], [217.028, 601], [215.361, 613], [215.081, 398], [212.408, 305], [211.362, 602], [210.97, 572], [210.553, 463]], "asks": []}, {"timestamp": "2025-07-22T01:28:11.644021", "bids": [[230.647, 432], [224.208, 745], [221.817, 492], [217.028, 601], [215.361, 613], [215.081, 398], [212.408, 305], [211.362, 602], [210.97, 572], [210.553, 463]], "asks": []}, {"timestamp": "2025-07-22T01:28:17.234747", "bids": [[230.647, 432], [224.208, 745], [221.817, 492], [217.028, 601], [215.361, 613], [215.081, 398], [212.408, 305], [211.362, 602], [210.97, 572], [210.553, 463]], "asks": []}, {"timestamp": "2025-07-22T01:28:22.816205", "bids": [[230.647, 432], [224.208, 745], [221.817, 492], [217.028, 601], [215.361, 613], [215.081, 398], [212.408, 305], [211.362, 602], [210.97, 572], [210.553, 463]], "asks": []}]