[{"timestamp": "2025-07-22T01:23:55.130761", "bids": [[192.45, 431]], "asks": []}, {"timestamp": "2025-07-22T01:24:00.685401", "bids": [[192.45, 431], [188.168, 726]], "asks": []}, {"timestamp": "2025-07-22T01:24:06.160522", "bids": [[192.45, 431], [188.168, 726], [174.646, 864]], "asks": []}, {"timestamp": "2025-07-22T01:24:11.512496", "bids": [[192.45, 431], [188.168, 726], [174.646, 864], [168.472, 607]], "asks": []}, {"timestamp": "2025-07-22T01:24:16.957876", "bids": [[192.45, 431], [188.168, 726], [174.646, 864], [168.472, 607], [159.408, 484]], "asks": []}, {"timestamp": "2025-07-22T01:24:22.669589", "bids": [[192.45, 431], [188.168, 726], [174.646, 864], [168.472, 607], [166.304, 449], [159.408, 484]], "asks": []}, {"timestamp": "2025-07-22T01:24:28.287807", "bids": [[192.45, 431], [188.168, 726], [174.646, 864], [168.472, 607], [166.304, 449], [162.9, 653], [159.408, 484]], "asks": []}, {"timestamp": "2025-07-22T01:24:33.750950", "bids": [[192.45, 431], [188.168, 726], [174.646, 864], [168.472, 607], [166.304, 449], [165.302, 637], [162.9, 653], [159.408, 484]], "asks": []}, {"timestamp": "2025-07-22T01:24:39.177609", "bids": [[192.45, 431], [188.168, 726], [174.646, 864], [168.472, 607], [166.304, 449], [165.302, 637], [163.877, 498], [162.9, 653], [159.408, 484]], "asks": []}, {"timestamp": "2025-07-22T01:24:44.837786", "bids": [[192.45, 431], [188.168, 726], [174.646, 864], [168.472, 607], [168.335, 727], [166.304, 449], [165.302, 637], [163.877, 498], [162.9, 653], [159.408, 484]], "asks": []}, {"timestamp": "2025-07-22T01:24:50.338851", "bids": [[192.45, 431], [188.168, 726], [174.646, 864], [168.472, 607], [168.335, 727], [166.304, 449], [165.302, 637], [163.877, 498], [162.9, 653], [162.594, 435]], "asks": []}, {"timestamp": "2025-07-22T01:24:55.727065", "bids": [[192.45, 431], [188.168, 726], [174.646, 864], [168.472, 607], [168.335, 727], [166.304, 449], [165.549, 411], [165.302, 637], [163.877, 498], [162.9, 653]], "asks": []}, {"timestamp": "2025-07-22T01:25:01.128256", "bids": [[192.45, 431], [188.168, 726], [174.646, 864], [168.472, 607], [168.335, 727], [166.304, 449], [165.549, 411], [165.302, 637], [163.877, 498], [162.9, 653]], "asks": []}, {"timestamp": "2025-07-22T01:25:06.610011", "bids": [[192.45, 431], [188.168, 726], [174.646, 864], [168.472, 607], [168.335, 727], [166.304, 449], [165.549, 411], [165.302, 637], [163.877, 498], [162.971, 511]], "asks": []}, {"timestamp": "2025-07-22T01:25:12.174063", "bids": [[192.45, 431], [188.168, 726], [174.646, 864], [168.472, 607], [168.335, 727], [166.304, 449], [165.549, 411], [165.302, 637], [163.877, 498], [162.971, 511]], "asks": []}, {"timestamp": "2025-07-22T01:25:17.556875", "bids": [[192.45, 431], [188.168, 726], [174.646, 864], [168.472, 607], [168.335, 727], [166.304, 449], [165.549, 411], [165.302, 637], [163.877, 498], [162.971, 511]], "asks": []}, {"timestamp": "2025-07-22T01:25:23.084997", "bids": [[192.45, 431], [188.168, 726], [174.646, 864], [168.472, 607], [168.335, 727], [166.304, 449], [165.549, 411], [165.302, 637], [163.936, 365], [163.877, 498]], "asks": []}, {"timestamp": "2025-07-22T01:25:28.576080", "bids": [[192.45, 431], [188.168, 726], [174.646, 864], [168.472, 607], [168.335, 727], [166.304, 449], [165.549, 411], [165.302, 637], [163.936, 365], [163.877, 498]], "asks": []}, {"timestamp": "2025-07-22T01:25:33.920351", "bids": [[192.45, 431], [188.168, 726], [174.646, 864], [170.36, 511], [168.472, 607], [168.335, 727], [166.304, 449], [165.549, 411], [165.302, 637], [163.936, 365]], "asks": []}, {"timestamp": "2025-07-22T01:25:39.428823", "bids": [[192.45, 431], [188.168, 726], [174.646, 864], [170.36, 511], [168.472, 607], [168.335, 727], [166.304, 449], [165.549, 411], [165.396, 373], [165.302, 637]], "asks": []}, {"timestamp": "2025-07-22T01:25:44.889224", "bids": [[192.45, 431], [188.168, 726], [174.646, 864], [170.738, 487], [170.36, 511], [168.472, 607], [168.335, 727], [166.304, 449], [165.549, 411], [165.396, 373]], "asks": []}, {"timestamp": "2025-07-22T01:25:50.467929", "bids": [[192.45, 431], [188.168, 726], [174.646, 864], [170.738, 487], [170.36, 511], [168.472, 607], [168.335, 727], [166.304, 449], [165.549, 411], [165.396, 373]], "asks": []}, {"timestamp": "2025-07-22T01:25:55.861662", "bids": [[192.45, 431], [188.168, 726], [174.646, 864], [170.738, 487], [170.36, 511], [168.472, 607], [168.335, 727], [166.304, 449], [165.549, 411], [165.396, 373]], "asks": []}, {"timestamp": "2025-07-22T01:26:01.325368", "bids": [[200.629, 476], [192.45, 431], [188.168, 726], [174.646, 864], [170.738, 487], [170.36, 511], [168.472, 607], [168.335, 727], [166.304, 449], [165.549, 411]], "asks": []}, {"timestamp": "2025-07-22T01:26:06.703094", "bids": [[200.629, 476], [192.45, 431], [188.168, 726], [174.646, 864], [170.738, 487], [170.36, 511], [168.472, 607], [168.335, 727], [166.304, 449], [165.549, 411]], "asks": []}, {"timestamp": "2025-07-22T01:26:12.147167", "bids": [[200.629, 476], [192.45, 431], [191.915, 285], [188.168, 726], [174.646, 864], [170.738, 487], [170.36, 511], [168.472, 607], [168.335, 727], [166.304, 449]], "asks": []}, {"timestamp": "2025-07-22T01:26:17.540468", "bids": [[200.629, 476], [192.45, 431], [192.381, 651], [191.915, 285], [188.168, 726], [174.646, 864], [170.738, 487], [170.36, 511], [168.472, 607], [168.335, 727]], "asks": []}, {"timestamp": "2025-07-22T01:26:22.937264", "bids": [[200.629, 476], [194.197, 463], [192.45, 431], [192.381, 651], [191.915, 285], [188.168, 726], [174.646, 864], [170.738, 487], [170.36, 511], [168.472, 607]], "asks": []}, {"timestamp": "2025-07-22T01:26:28.441000", "bids": [[200.629, 476], [194.197, 463], [192.45, 431], [192.381, 651], [191.915, 285], [188.168, 726], [184.392, 326], [174.646, 864], [170.738, 487], [170.36, 511]], "asks": []}, {"timestamp": "2025-07-22T01:26:33.824997", "bids": [[200.629, 476], [194.197, 463], [192.45, 431], [192.381, 651], [191.915, 285], [188.747, 610], [188.168, 726], [184.392, 326], [174.646, 864], [170.738, 487]], "asks": []}, {"timestamp": "2025-07-22T01:26:39.407581", "bids": [[200.629, 476], [194.197, 463], [192.45, 431], [192.381, 651], [191.915, 285], [188.747, 610], [188.168, 726], [184.392, 326], [181.681, 495], [174.646, 864]], "asks": []}, {"timestamp": "2025-07-22T01:26:44.963143", "bids": [[200.629, 476], [194.197, 463], [192.45, 431], [192.381, 651], [191.915, 285], [188.747, 610], [188.168, 726], [184.392, 326], [181.681, 495], [174.646, 864]], "asks": []}, {"timestamp": "2025-07-22T01:26:50.426716", "bids": [[200.629, 476], [194.197, 463], [192.45, 431], [192.381, 651], [191.915, 285], [188.747, 610], [188.168, 726], [184.392, 326], [181.681, 495], [174.646, 864]], "asks": []}, {"timestamp": "2025-07-22T01:26:55.861249", "bids": [[200.629, 476], [194.197, 463], [192.45, 431], [192.381, 651], [192.209, 352], [191.915, 285], [188.747, 610], [188.168, 726], [184.392, 326], [181.681, 495]], "asks": []}, {"timestamp": "2025-07-22T01:27:01.410107", "bids": [[200.629, 476], [194.197, 463], [192.45, 431], [192.381, 651], [192.209, 352], [191.915, 285], [188.747, 610], [188.168, 726], [187.568, 602], [184.392, 326]], "asks": []}, {"timestamp": "2025-07-22T01:27:07.001409", "bids": [[200.629, 476], [194.197, 463], [192.45, 431], [192.381, 651], [192.209, 352], [191.915, 285], [188.747, 610], [188.168, 726], [187.568, 602], [184.392, 326]], "asks": []}, {"timestamp": "2025-07-22T01:27:12.502894", "bids": [[200.629, 476], [194.197, 463], [192.45, 431], [192.381, 651], [192.209, 352], [191.915, 285], [188.747, 610], [188.168, 726], [187.568, 602], [184.392, 326]], "asks": []}, {"timestamp": "2025-07-22T01:27:17.910231", "bids": [[200.629, 476], [194.197, 463], [192.45, 431], [192.381, 651], [192.209, 352], [191.915, 285], [188.747, 610], [188.168, 726], [187.568, 602], [184.392, 326]], "asks": []}, {"timestamp": "2025-07-22T01:27:23.575838", "bids": [[200.629, 476], [194.197, 463], [192.45, 431], [192.381, 651], [192.209, 352], [191.915, 285], [188.747, 610], [188.168, 726], [187.568, 602], [184.392, 326]], "asks": []}, {"timestamp": "2025-07-22T01:27:28.873567", "bids": [[200.629, 476], [194.197, 463], [192.45, 431], [192.381, 651], [192.209, 352], [191.915, 285], [188.747, 610], [188.44, 502], [188.168, 726], [187.568, 602]], "asks": []}, {"timestamp": "2025-07-22T01:27:34.300345", "bids": [[200.629, 476], [194.197, 463], [192.45, 431], [192.381, 651], [192.209, 352], [191.915, 285], [188.747, 610], [188.44, 502], [188.168, 726], [187.568, 602]], "asks": []}, {"timestamp": "2025-07-22T01:27:39.811888", "bids": [[200.629, 476], [194.197, 463], [192.45, 431], [192.381, 651], [192.209, 352], [191.915, 285], [188.747, 610], [188.44, 502], [188.168, 726], [187.568, 602]], "asks": []}, {"timestamp": "2025-07-22T01:27:45.376003", "bids": [[200.629, 476], [194.197, 463], [192.45, 431], [192.381, 651], [192.209, 352], [191.915, 285], [188.747, 610], [188.44, 502], [188.168, 726], [187.568, 602]], "asks": []}, {"timestamp": "2025-07-22T01:27:50.790501", "bids": [[200.629, 476], [194.197, 463], [192.45, 431], [192.381, 651], [192.209, 352], [191.915, 285], [188.747, 610], [188.44, 502], [188.168, 726], [187.568, 602]], "asks": []}, {"timestamp": "2025-07-22T01:27:56.234918", "bids": [[200.629, 476], [194.197, 463], [192.45, 431], [192.381, 651], [192.209, 352], [191.915, 285], [188.747, 610], [188.44, 502], [188.168, 726], [187.568, 602]], "asks": []}, {"timestamp": "2025-07-22T01:28:01.726573", "bids": [[200.629, 476], [194.197, 463], [192.45, 431], [192.381, 651], [192.209, 352], [191.915, 285], [188.747, 610], [188.44, 502], [188.168, 726], [187.568, 602]], "asks": []}, {"timestamp": "2025-07-22T01:28:07.206192", "bids": [[200.629, 476], [194.197, 463], [192.45, 431], [192.381, 651], [192.209, 352], [191.915, 285], [188.747, 610], [188.44, 502], [188.168, 726], [187.568, 602]], "asks": []}, {"timestamp": "2025-07-22T01:28:12.530825", "bids": [[200.629, 476], [194.197, 463], [192.45, 431], [192.381, 651], [192.209, 352], [191.915, 285], [188.747, 610], [188.44, 502], [188.282, 334], [188.168, 726]], "asks": []}, {"timestamp": "2025-07-22T01:28:18.095071", "bids": [[200.629, 476], [194.197, 463], [192.45, 431], [192.381, 651], [192.209, 352], [191.915, 285], [188.747, 610], [188.44, 502], [188.282, 334], [188.168, 726]], "asks": []}, {"timestamp": "2025-07-22T01:28:23.523169", "bids": [[200.629, 476], [194.197, 463], [192.45, 431], [192.381, 651], [192.209, 352], [191.915, 285], [188.747, 610], [188.44, 502], [188.282, 334], [188.168, 726]], "asks": []}]