{"timestamp": "2025-07-22 16:00:00.158974", "symbol": "ANEB", "side": "bid", "price": 1.82, "size": 0.0, "depth_level": 0, "operation": "update"}
{"timestamp": "2025-07-22 16:00:00.158974", "symbol": "ANEB", "side": "ask", "price": 1.96, "size": 0.0, "depth_level": 0, "operation": "update"}
{"timestamp": "2025-07-22 16:00:00.158974", "symbol": "ANEB", "side": "bid", "price": 1.81, "size": 249, "depth_level": 1, "operation": "update"}
{"timestamp": "2025-07-22 16:00:00.158974", "symbol": "ANEB", "side": "bid", "price": 1.8, "size": 223, "depth_level": 2, "operation": "update"}
{"timestamp": "2025-07-22 16:00:00.158974", "symbol": "ANEB", "side": "bid", "price": 1.79, "size": 200, "depth_level": 3, "operation": "update"}
{"timestamp": "2025-07-22 16:00:00.158974", "symbol": "ANEB", "side": "bid", "price": 1.78, "size": 134, "depth_level": 4, "operation": "update"}
{"timestamp": "2025-07-22 16:00:00.158974", "symbol": "ANEB", "side": "bid", "price": 1.77, "size": 53, "depth_level": 5, "operation": "update"}
{"timestamp": "2025-07-22 16:00:00.158974", "symbol": "ANEB", "side": "bid", "price": 1.76, "size": 35, "depth_level": 6, "operation": "update"}
{"timestamp": "2025-07-22 16:00:00.158974", "symbol": "ANEB", "side": "bid", "price": 1.75, "size": 9, "depth_level": 7, "operation": "update"}
{"timestamp": "2025-07-22 16:00:00.158974", "symbol": "ANEB", "side": "bid", "price": 1.74, "size": 8, "depth_level": 8, "operation": "update"}
{"timestamp": "2025-07-22 16:00:00.158974", "symbol": "ANEB", "side": "bid", "price": 1.73, "size": 4, "depth_level": 9, "operation": "update"}
{"timestamp": "2025-07-22 16:00:00.158974", "symbol": "ANEB", "side": "ask", "price": 1.97, "size": 344, "depth_level": 1, "operation": "update"}
{"timestamp": "2025-07-22 16:00:00.158974", "symbol": "ANEB", "side": "ask", "price": 1.98, "size": 294, "depth_level": 2, "operation": "update"}
{"timestamp": "2025-07-22 16:00:00.158974", "symbol": "ANEB", "side": "ask", "price": 1.99, "size": 235, "depth_level": 3, "operation": "update"}
{"timestamp": "2025-07-22 16:00:00.158974", "symbol": "ANEB", "side": "ask", "price": 2.0, "size": 154, "depth_level": 4, "operation": "update"}
{"timestamp": "2025-07-22 16:00:00.158974", "symbol": "ANEB", "side": "ask", "price": 2.01, "size": 49, "depth_level": 5, "operation": "update"}
{"timestamp": "2025-07-22 16:00:00.158974", "symbol": "ANEB", "side": "ask", "price": 2.02, "size": 34, "depth_level": 6, "operation": "update"}
{"timestamp": "2025-07-22 16:00:00.158974", "symbol": "ANEB", "side": "ask", "price": 2.03, "size": 11, "depth_level": 7, "operation": "update"}
{"timestamp": "2025-07-22 16:00:00.158974", "symbol": "ANEB", "side": "ask", "price": 2.04, "size": 9, "depth_level": 8, "operation": "update"}
{"timestamp": "2025-07-22 16:00:00.158974", "symbol": "ANEB", "side": "ask", "price": 2.05, "size": 5, "depth_level": 9, "operation": "update"}
{"timestamp": "2025-07-22 16:00:00.158944", "symbol": "ANEB", "side": "bid", "price": 1.82, "size": 1703.1, "depth_level": 0, "operation": "update"}
{"timestamp": "2025-07-22 16:00:00.158944", "symbol": "ANEB", "side": "ask", "price": 1.96, "size": 1703.1, "depth_level": 0, "operation": "update"}
{"timestamp": "2025-07-22 16:00:00.158944", "symbol": "ANEB", "side": "bid", "price": 1.81, "size": 266, "depth_level": 1, "operation": "update"}
{"timestamp": "2025-07-22 16:00:00.158944", "symbol": "ANEB", "side": "bid", "price": 1.8, "size": 243, "depth_level": 2, "operation": "update"}
{"timestamp": "2025-07-22 16:00:00.158944", "symbol": "ANEB", "side": "bid", "price": 1.79, "size": 232, "depth_level": 3, "operation": "update"}
{"timestamp": "2025-07-22 16:00:00.158944", "symbol": "ANEB", "side": "bid", "price": 1.78, "size": 170, "depth_level": 4, "operation": "update"}
{"timestamp": "2025-07-22 16:00:00.158944", "symbol": "ANEB", "side": "bid", "price": 1.77, "size": 51, "depth_level": 5, "operation": "update"}
{"timestamp": "2025-07-22 16:00:00.158944", "symbol": "ANEB", "side": "bid", "price": 1.76, "size": 28, "depth_level": 6, "operation": "update"}
{"timestamp": "2025-07-22 16:00:00.158944", "symbol": "ANEB", "side": "bid", "price": 1.75, "size": 10, "depth_level": 7, "operation": "update"}
{"timestamp": "2025-07-22 16:00:00.158944", "symbol": "ANEB", "side": "bid", "price": 1.74, "size": 10, "depth_level": 8, "operation": "update"}
{"timestamp": "2025-07-22 16:00:00.158944", "symbol": "ANEB", "side": "ask", "price": 1.97, "size": 347, "depth_level": 1, "operation": "update"}
{"timestamp": "2025-07-22 16:00:00.158944", "symbol": "ANEB", "side": "ask", "price": 1.98, "size": 297, "depth_level": 2, "operation": "update"}
{"timestamp": "2025-07-22 16:00:00.158944", "symbol": "ANEB", "side": "ask", "price": 1.99, "size": 208, "depth_level": 3, "operation": "update"}
{"timestamp": "2025-07-22 16:00:00.158944", "symbol": "ANEB", "side": "ask", "price": 2.0, "size": 165, "depth_level": 4, "operation": "update"}
{"timestamp": "2025-07-22 16:00:00.158944", "symbol": "ANEB", "side": "ask", "price": 2.01, "size": 51, "depth_level": 5, "operation": "update"}
{"timestamp": "2025-07-22 16:00:00.158944", "symbol": "ANEB", "side": "ask", "price": 2.02, "size": 26, "depth_level": 6, "operation": "update"}
{"timestamp": "2025-07-22 16:00:00.158944", "symbol": "ANEB", "side": "ask", "price": 2.03, "size": 9, "depth_level": 7, "operation": "update"}
{"timestamp": "2025-07-22 16:00:00.158944", "symbol": "ANEB", "side": "ask", "price": 2.04, "size": 8, "depth_level": 8, "operation": "update"}
{"timestamp": "2025-07-22 16:00:00.158944", "symbol": "ANEB", "side": "ask", "price": 2.05, "size": 4, "depth_level": 9, "operation": "update"}
{"timestamp": "2025-07-22 16:00:00.060769", "symbol": "ANEB", "side": "bid", "price": 1.82, "size": 0.0, "depth_level": 0, "operation": "update"}
{"timestamp": "2025-07-22 16:00:00.060769", "symbol": "ANEB", "side": "ask", "price": 1.96, "size": 0.0, "depth_level": 0, "operation": "update"}
{"timestamp": "2025-07-22 16:00:00.060769", "symbol": "ANEB", "side": "bid", "price": 1.81, "size": 345, "depth_level": 1, "operation": "update"}
{"timestamp": "2025-07-22 16:00:00.060769", "symbol": "ANEB", "side": "bid", "price": 1.8, "size": 227, "depth_level": 2, "operation": "update"}
{"timestamp": "2025-07-22 16:00:00.060769", "symbol": "ANEB", "side": "bid", "price": 1.79, "size": 229, "depth_level": 3, "operation": "update"}
{"timestamp": "2025-07-22 16:00:00.060769", "symbol": "ANEB", "side": "bid", "price": 1.78, "size": 126, "depth_level": 4, "operation": "update"}
{"timestamp": "2025-07-22 16:00:00.060769", "symbol": "ANEB", "side": "bid", "price": 1.77, "size": 55, "depth_level": 5, "operation": "update"}
{"timestamp": "2025-07-22 16:00:00.060769", "symbol": "ANEB", "side": "bid", "price": 1.76, "size": 30, "depth_level": 6, "operation": "update"}
{"timestamp": "2025-07-22 16:00:00.060769", "symbol": "ANEB", "side": "bid", "price": 1.75, "size": 8, "depth_level": 7, "operation": "update"}
{"timestamp": "2025-07-22 16:00:00.060769", "symbol": "ANEB", "side": "bid", "price": 1.74, "size": 11, "depth_level": 8, "operation": "update"}
{"timestamp": "2025-07-22 16:00:00.060769", "symbol": "ANEB", "side": "bid", "price": 1.73, "size": 5, "depth_level": 9, "operation": "update"}
{"timestamp": "2025-07-22 16:00:00.060769", "symbol": "ANEB", "side": "ask", "price": 1.97, "size": 357, "depth_level": 1, "operation": "update"}
{"timestamp": "2025-07-22 16:00:00.060769", "symbol": "ANEB", "side": "ask", "price": 1.98, "size": 203, "depth_level": 2, "operation": "update"}
{"timestamp": "2025-07-22 16:00:00.060769", "symbol": "ANEB", "side": "ask", "price": 1.99, "size": 225, "depth_level": 3, "operation": "update"}
{"timestamp": "2025-07-22 16:00:00.060769", "symbol": "ANEB", "side": "ask", "price": 2.0, "size": 129, "depth_level": 4, "operation": "update"}
{"timestamp": "2025-07-22 16:00:00.060769", "symbol": "ANEB", "side": "ask", "price": 2.01, "size": 40, "depth_level": 5, "operation": "update"}
{"timestamp": "2025-07-22 16:00:00.060769", "symbol": "ANEB", "side": "ask", "price": 2.03, "size": 8, "depth_level": 7, "operation": "update"}
{"timestamp": "2025-07-22 16:00:00.060769", "symbol": "ANEB", "side": "ask", "price": 2.04, "size": 9, "depth_level": 8, "operation": "update"}
{"timestamp": "2025-07-22 15:59:59.902087", "symbol": "ANEB", "side": "bid", "price": 1.82, "size": 30.0, "depth_level": 0, "operation": "update"}
{"timestamp": "2025-07-22 15:59:59.902087", "symbol": "ANEB", "side": "ask", "price": 1.96, "size": 30.0, "depth_level": 0, "operation": "update"}
{"timestamp": "2025-07-22 15:59:59.902087", "symbol": "ANEB", "side": "bid", "price": 1.81, "size": 271, "depth_level": 1, "operation": "update"}
{"timestamp": "2025-07-22 15:59:59.902087", "symbol": "ANEB", "side": "bid", "price": 1.8, "size": 224, "depth_level": 2, "operation": "update"}
{"timestamp": "2025-07-22 15:59:59.902087", "symbol": "ANEB", "side": "bid", "price": 1.79, "size": 180, "depth_level": 3, "operation": "update"}
{"timestamp": "2025-07-22 15:59:59.902087", "symbol": "ANEB", "side": "bid", "price": 1.78, "size": 151, "depth_level": 4, "operation": "update"}
{"timestamp": "2025-07-22 15:59:59.902087", "symbol": "ANEB", "side": "bid", "price": 1.77, "size": 50, "depth_level": 5, "operation": "update"}
{"timestamp": "2025-07-22 15:59:59.902087", "symbol": "ANEB", "side": "bid", "price": 1.76, "size": 26, "depth_level": 6, "operation": "update"}
{"timestamp": "2025-07-22 15:59:59.902087", "symbol": "ANEB", "side": "bid", "price": 1.75, "size": 9, "depth_level": 7, "operation": "update"}
{"timestamp": "2025-07-22 15:59:59.902087", "symbol": "ANEB", "side": "bid", "price": 1.74, "size": 8, "depth_level": 8, "operation": "update"}
{"timestamp": "2025-07-22 15:59:59.902087", "symbol": "ANEB", "side": "bid", "price": 1.73, "size": 4, "depth_level": 9, "operation": "update"}
{"timestamp": "2025-07-22 15:59:59.902087", "symbol": "ANEB", "side": "ask", "price": 1.97, "size": 262, "depth_level": 1, "operation": "update"}
{"timestamp": "2025-07-22 15:59:59.902087", "symbol": "ANEB", "side": "ask", "price": 1.98, "size": 273, "depth_level": 2, "operation": "update"}
{"timestamp": "2025-07-22 15:59:59.902087", "symbol": "ANEB", "side": "ask", "price": 1.99, "size": 215, "depth_level": 3, "operation": "update"}
{"timestamp": "2025-07-22 15:59:59.902087", "symbol": "ANEB", "side": "ask", "price": 2.0, "size": 133, "depth_level": 4, "operation": "update"}
{"timestamp": "2025-07-22 15:59:59.902087", "symbol": "ANEB", "side": "ask", "price": 2.01, "size": 59, "depth_level": 5, "operation": "update"}
{"timestamp": "2025-07-22 15:59:59.902087", "symbol": "ANEB", "side": "ask", "price": 2.02, "size": 28, "depth_level": 6, "operation": "update"}
{"timestamp": "2025-07-22 15:59:59.902087", "symbol": "ANEB", "side": "ask", "price": 2.03, "size": 11, "depth_level": 7, "operation": "update"}
{"timestamp": "2025-07-22 15:59:59.902087", "symbol": "ANEB", "side": "ask", "price": 2.04, "size": 11, "depth_level": 8, "operation": "update"}
{"timestamp": "2025-07-22 15:59:59.901218", "symbol": "ANEB", "side": "bid", "price": 1.82, "size": 0, "depth_level": 0, "operation": "delete"}
{"timestamp": "2025-07-22 15:59:59.901218", "symbol": "ANEB", "side": "ask", "price": 1.96, "size": 80.0, "depth_level": 0, "operation": "update"}
{"timestamp": "2025-07-22 15:59:59.901218", "symbol": "ANEB", "side": "bid", "price": 1.81, "size": 277, "depth_level": 1, "operation": "update"}
{"timestamp": "2025-07-22 15:59:59.901218", "symbol": "ANEB", "side": "bid", "price": 1.8, "size": 260, "depth_level": 2, "operation": "update"}
{"timestamp": "2025-07-22 15:59:59.901218", "symbol": "ANEB", "side": "bid", "price": 1.79, "size": 224, "depth_level": 3, "operation": "update"}
{"timestamp": "2025-07-22 15:59:59.901218", "symbol": "ANEB", "side": "bid", "price": 1.78, "size": 163, "depth_level": 4, "operation": "update"}
{"timestamp": "2025-07-22 15:59:59.901218", "symbol": "ANEB", "side": "bid", "price": 1.77, "size": 56, "depth_level": 5, "operation": "update"}
{"timestamp": "2025-07-22 15:59:59.901218", "symbol": "ANEB", "side": "bid", "price": 1.76, "size": 27, "depth_level": 6, "operation": "update"}
{"timestamp": "2025-07-22 15:59:59.901218", "symbol": "ANEB", "side": "bid", "price": 1.75, "size": 8, "depth_level": 7, "operation": "update"}
{"timestamp": "2025-07-22 15:59:59.901218", "symbol": "ANEB", "side": "bid", "price": 1.74, "size": 11, "depth_level": 8, "operation": "update"}
{"timestamp": "2025-07-22 15:59:59.901218", "symbol": "ANEB", "side": "bid", "price": 1.73, "size": 5, "depth_level": 9, "operation": "update"}
{"timestamp": "2025-07-22 15:59:59.901218", "symbol": "ANEB", "side": "ask", "price": 1.97, "size": 270, "depth_level": 1, "operation": "update"}
{"timestamp": "2025-07-22 15:59:59.901218", "symbol": "ANEB", "side": "ask", "price": 1.98, "size": 292, "depth_level": 2, "operation": "update"}
{"timestamp": "2025-07-22 15:59:59.901218", "symbol": "ANEB", "side": "ask", "price": 1.99, "size": 192, "depth_level": 3, "operation": "update"}
{"timestamp": "2025-07-22 15:59:59.901218", "symbol": "ANEB", "side": "ask", "price": 2.0, "size": 171, "depth_level": 4, "operation": "update"}
{"timestamp": "2025-07-22 15:59:59.901218", "symbol": "ANEB", "side": "ask", "price": 2.01, "size": 58, "depth_level": 5, "operation": "update"}
{"timestamp": "2025-07-22 15:59:59.901218", "symbol": "ANEB", "side": "ask", "price": 2.02, "size": 31, "depth_level": 6, "operation": "update"}
{"timestamp": "2025-07-22 15:59:59.901218", "symbol": "ANEB", "side": "ask", "price": 2.03, "size": 9, "depth_level": 7, "operation": "update"}
{"timestamp": "2025-07-22 15:59:59.901218", "symbol": "ANEB", "side": "ask", "price": 2.04, "size": 9, "depth_level": 8, "operation": "update"}
{"timestamp": "2025-07-22 15:59:59.901218", "symbol": "ANEB", "side": "ask", "price": 2.05, "size": 5, "depth_level": 9, "operation": "update"}
{"timestamp": "2025-07-22 15:59:59.901217", "symbol": "ANEB", "side": "ask", "price": 1.96, "size": 130.0, "depth_level": 0, "operation": "update"}
{"timestamp": "2025-07-22 15:59:59.901217", "symbol": "ANEB", "side": "bid", "price": 1.81, "size": 345, "depth_level": 1, "operation": "update"}
{"timestamp": "2025-07-22 15:59:59.901217", "symbol": "ANEB", "side": "bid", "price": 1.8, "size": 244, "depth_level": 2, "operation": "update"}
{"timestamp": "2025-07-22 15:59:59.901217", "symbol": "ANEB", "side": "bid", "price": 1.79, "size": 206, "depth_level": 3, "operation": "update"}
{"timestamp": "2025-07-22 15:59:59.901217", "symbol": "ANEB", "side": "bid", "price": 1.78, "size": 151, "depth_level": 4, "operation": "update"}
{"timestamp": "2025-07-22 15:59:59.901217", "symbol": "ANEB", "side": "bid", "price": 1.77, "size": 54, "depth_level": 5, "operation": "update"}
{"timestamp": "2025-07-22 15:59:59.901217", "symbol": "ANEB", "side": "bid", "price": 1.76, "size": 29, "depth_level": 6, "operation": "update"}
{"timestamp": "2025-07-22 15:59:59.901217", "symbol": "ANEB", "side": "bid", "price": 1.75, "size": 10, "depth_level": 7, "operation": "update"}
{"timestamp": "2025-07-22 15:59:59.901217", "symbol": "ANEB", "side": "bid", "price": 1.74, "size": 9, "depth_level": 8, "operation": "update"}
{"timestamp": "2025-07-22 15:59:59.901217", "symbol": "ANEB", "side": "ask", "price": 1.97, "size": 347, "depth_level": 1, "operation": "update"}
{"timestamp": "2025-07-22 15:59:59.901217", "symbol": "ANEB", "side": "ask", "price": 1.98, "size": 235, "depth_level": 2, "operation": "update"}
{"timestamp": "2025-07-22 15:59:59.901217", "symbol": "ANEB", "side": "ask", "price": 1.99, "size": 224, "depth_level": 3, "operation": "update"}
{"timestamp": "2025-07-22 15:59:59.901217", "symbol": "ANEB", "side": "ask", "price": 2.0, "size": 148, "depth_level": 4, "operation": "update"}
{"timestamp": "2025-07-22 15:59:59.901217", "symbol": "ANEB", "side": "ask", "price": 2.01, "size": 53, "depth_level": 5, "operation": "update"}
{"timestamp": "2025-07-22 15:59:59.901217", "symbol": "ANEB", "side": "ask", "price": 2.02, "size": 34, "depth_level": 6, "operation": "update"}
{"timestamp": "2025-07-22 15:59:59.901217", "symbol": "ANEB", "side": "ask", "price": 2.04, "size": 10, "depth_level": 8, "operation": "update"}
{"timestamp": "2025-07-22 15:59:59.901217", "symbol": "ANEB", "side": "ask", "price": 2.05, "size": 4, "depth_level": 9, "operation": "update"}
{"timestamp": "2025-07-22 15:59:59.901216", "symbol": "ANEB", "side": "ask", "price": 1.96, "size": 180.0, "depth_level": 0, "operation": "update"}
{"timestamp": "2025-07-22 15:59:59.901216", "symbol": "ANEB", "side": "bid", "price": 1.81, "size": 336, "depth_level": 1, "operation": "update"}
{"timestamp": "2025-07-22 15:59:59.901216", "symbol": "ANEB", "side": "bid", "price": 1.8, "size": 294, "depth_level": 2, "operation": "update"}
{"timestamp": "2025-07-22 15:59:59.901216", "symbol": "ANEB", "side": "bid", "price": 1.79, "size": 230, "depth_level": 3, "operation": "update"}
{"timestamp": "2025-07-22 15:59:59.901216", "symbol": "ANEB", "side": "bid", "price": 1.78, "size": 159, "depth_level": 4, "operation": "update"}
{"timestamp": "2025-07-22 15:59:59.901216", "symbol": "ANEB", "side": "bid", "price": 1.77, "size": 45, "depth_level": 5, "operation": "update"}
{"timestamp": "2025-07-22 15:59:59.901216", "symbol": "ANEB", "side": "bid", "price": 1.76, "size": 26, "depth_level": 6, "operation": "update"}
{"timestamp": "2025-07-22 15:59:59.901216", "symbol": "ANEB", "side": "bid", "price": 1.75, "size": 9, "depth_level": 7, "operation": "update"}
{"timestamp": "2025-07-22 15:59:59.901216", "symbol": "ANEB", "side": "bid", "price": 1.74, "size": 8, "depth_level": 8, "operation": "update"}
{"timestamp": "2025-07-22 15:59:59.901216", "symbol": "ANEB", "side": "bid", "price": 1.73, "size": 4, "depth_level": 9, "operation": "update"}
{"timestamp": "2025-07-22 15:59:59.901216", "symbol": "ANEB", "side": "ask", "price": 1.97, "size": 305, "depth_level": 1, "operation": "update"}
{"timestamp": "2025-07-22 15:59:59.901216", "symbol": "ANEB", "side": "ask", "price": 1.98, "size": 202, "depth_level": 2, "operation": "update"}
{"timestamp": "2025-07-22 15:59:59.901216", "symbol": "ANEB", "side": "ask", "price": 1.99, "size": 226, "depth_level": 3, "operation": "update"}
{"timestamp": "2025-07-22 15:59:59.901216", "symbol": "ANEB", "side": "ask", "price": 2.0, "size": 178, "depth_level": 4, "operation": "update"}
{"timestamp": "2025-07-22 15:59:59.901216", "symbol": "ANEB", "side": "ask", "price": 2.01, "size": 48, "depth_level": 5, "operation": "update"}
{"timestamp": "2025-07-22 15:59:59.901216", "symbol": "ANEB", "side": "ask", "price": 2.02, "size": 30, "depth_level": 6, "operation": "update"}
{"timestamp": "2025-07-22 15:59:57.798823", "symbol": "ANEB", "side": "bid", "price": 1.79, "size": 30.0, "depth_level": 0, "operation": "update"}
{"timestamp": "2025-07-22 15:59:57.798823", "symbol": "ANEB", "side": "ask", "price": 1.96, "size": 30.0, "depth_level": 0, "operation": "update"}
{"timestamp": "2025-07-22 15:59:57.798823", "symbol": "ANEB", "side": "bid", "price": 1.78, "size": 269, "depth_level": 1, "operation": "update"}
{"timestamp": "2025-07-22 15:59:57.798823", "symbol": "ANEB", "side": "bid", "price": 1.77, "size": 282, "depth_level": 2, "operation": "update"}
{"timestamp": "2025-07-22 15:59:57.798823", "symbol": "ANEB", "side": "bid", "price": 1.76, "size": 184, "depth_level": 3, "operation": "update"}
{"timestamp": "2025-07-22 15:59:57.798823", "symbol": "ANEB", "side": "bid", "price": 1.75, "size": 147, "depth_level": 4, "operation": "update"}
{"timestamp": "2025-07-22 15:59:57.798823", "symbol": "ANEB", "side": "bid", "price": 1.74, "size": 40, "depth_level": 5, "operation": "update"}
{"timestamp": "2025-07-22 15:59:57.798823", "symbol": "ANEB", "side": "bid", "price": 1.73, "size": 33, "depth_level": 6, "operation": "update"}
{"timestamp": "2025-07-22 15:59:57.798823", "symbol": "ANEB", "side": "bid", "price": 1.72, "size": 9, "depth_level": 7, "operation": "update"}
{"timestamp": "2025-07-22 15:59:57.798823", "symbol": "ANEB", "side": "bid", "price": 1.71, "size": 8, "depth_level": 8, "operation": "update"}
{"timestamp": "2025-07-22 15:59:57.798823", "symbol": "ANEB", "side": "bid", "price": 1.7, "size": 5, "depth_level": 9, "operation": "update"}
{"timestamp": "2025-07-22 15:59:57.798823", "symbol": "ANEB", "side": "ask", "price": 1.97, "size": 311, "depth_level": 1, "operation": "update"}
{"timestamp": "2025-07-22 15:59:57.798823", "symbol": "ANEB", "side": "ask", "price": 1.98, "size": 232, "depth_level": 2, "operation": "update"}
{"timestamp": "2025-07-22 15:59:57.798823", "symbol": "ANEB", "side": "ask", "price": 1.99, "size": 171, "depth_level": 3, "operation": "update"}
{"timestamp": "2025-07-22 15:59:57.798823", "symbol": "ANEB", "side": "ask", "price": 2.0, "size": 159, "depth_level": 4, "operation": "update"}
{"timestamp": "2025-07-22 15:59:57.798823", "symbol": "ANEB", "side": "ask", "price": 2.01, "size": 44, "depth_level": 5, "operation": "update"}
{"timestamp": "2025-07-22 15:59:57.798823", "symbol": "ANEB", "side": "ask", "price": 2.02, "size": 34, "depth_level": 6, "operation": "update"}
{"timestamp": "2025-07-22 15:59:57.798823", "symbol": "ANEB", "side": "ask", "price": 2.03, "size": 11, "depth_level": 7, "operation": "update"}
{"timestamp": "2025-07-22 15:59:57.798823", "symbol": "ANEB", "side": "ask", "price": 2.04, "size": 9, "depth_level": 8, "operation": "update"}
{"timestamp": "2025-07-22 15:59:57.798822", "symbol": "ANEB", "side": "bid", "price": 1.79, "size": 30.0, "depth_level": 0, "operation": "update"}
{"timestamp": "2025-07-22 15:59:57.798822", "symbol": "ANEB", "side": "ask", "price": 1.96, "size": 30.0, "depth_level": 0, "operation": "update"}
{"timestamp": "2025-07-22 15:59:57.798822", "symbol": "ANEB", "side": "bid", "price": 1.78, "size": 272, "depth_level": 1, "operation": "update"}
{"timestamp": "2025-07-22 15:59:57.798822", "symbol": "ANEB", "side": "bid", "price": 1.77, "size": 243, "depth_level": 2, "operation": "update"}
{"timestamp": "2025-07-22 15:59:57.798822", "symbol": "ANEB", "side": "bid", "price": 1.76, "size": 232, "depth_level": 3, "operation": "update"}
{"timestamp": "2025-07-22 15:59:57.798822", "symbol": "ANEB", "side": "bid", "price": 1.75, "size": 135, "depth_level": 4, "operation": "update"}
{"timestamp": "2025-07-22 15:59:57.798822", "symbol": "ANEB", "side": "bid", "price": 1.74, "size": 49, "depth_level": 5, "operation": "update"}
{"timestamp": "2025-07-22 15:59:57.798822", "symbol": "ANEB", "side": "bid", "price": 1.73, "size": 28, "depth_level": 6, "operation": "update"}
{"timestamp": "2025-07-22 15:59:57.798822", "symbol": "ANEB", "side": "bid", "price": 1.7, "size": 4, "depth_level": 9, "operation": "update"}
{"timestamp": "2025-07-22 15:59:57.798822", "symbol": "ANEB", "side": "ask", "price": 1.97, "size": 241, "depth_level": 1, "operation": "update"}
{"timestamp": "2025-07-22 15:59:57.798822", "symbol": "ANEB", "side": "ask", "price": 1.98, "size": 200, "depth_level": 2, "operation": "update"}
{"timestamp": "2025-07-22 15:59:57.798822", "symbol": "ANEB", "side": "ask", "price": 1.99, "size": 232, "depth_level": 3, "operation": "update"}
{"timestamp": "2025-07-22 15:59:57.798822", "symbol": "ANEB", "side": "ask", "price": 2.0, "size": 149, "depth_level": 4, "operation": "update"}
{"timestamp": "2025-07-22 15:59:57.798822", "symbol": "ANEB", "side": "ask", "price": 2.01, "size": 51, "depth_level": 5, "operation": "update"}
{"timestamp": "2025-07-22 15:59:57.798822", "symbol": "ANEB", "side": "ask", "price": 2.02, "size": 35, "depth_level": 6, "operation": "update"}
{"timestamp": "2025-07-22 15:59:57.798822", "symbol": "ANEB", "side": "ask", "price": 2.04, "size": 10, "depth_level": 8, "operation": "update"}
{"timestamp": "2025-07-22 15:59:57.798822", "symbol": "ANEB", "side": "ask", "price": 2.05, "size": 5, "depth_level": 9, "operation": "update"}
{"timestamp": "2025-07-22 15:59:57.798822", "symbol": "ANEB", "side": "bid", "price": 1.79, "size": 13700, "depth_level": 0, "operation": "update"}
{"timestamp": "2025-07-22 15:59:53.510338", "symbol": "ANEB", "side": "bid", "price": 1.79, "size": 0.3, "depth_level": 0, "operation": "update"}
{"timestamp": "2025-07-22 15:59:53.510338", "symbol": "ANEB", "side": "ask", "price": 1.96, "size": 0.3, "depth_level": 0, "operation": "update"}
{"timestamp": "2025-07-22 15:59:53.510338", "symbol": "ANEB", "side": "bid", "price": 1.78, "size": 262, "depth_level": 1, "operation": "update"}
{"timestamp": "2025-07-22 15:59:53.510338", "symbol": "ANEB", "side": "bid", "price": 1.77, "size": 232, "depth_level": 2, "operation": "update"}
{"timestamp": "2025-07-22 15:59:53.510338", "symbol": "ANEB", "side": "bid", "price": 1.76, "size": 239, "depth_level": 3, "operation": "update"}
{"timestamp": "2025-07-22 15:59:53.510338", "symbol": "ANEB", "side": "bid", "price": 1.75, "size": 153, "depth_level": 4, "operation": "update"}
{"timestamp": "2025-07-22 15:59:53.510338", "symbol": "ANEB", "side": "bid", "price": 1.74, "size": 56, "depth_level": 5, "operation": "update"}
{"timestamp": "2025-07-22 15:59:53.510338", "symbol": "ANEB", "side": "bid", "price": 1.72, "size": 11, "depth_level": 7, "operation": "update"}
{"timestamp": "2025-07-22 15:59:53.510338", "symbol": "ANEB", "side": "bid", "price": 1.71, "size": 9, "depth_level": 8, "operation": "update"}
{"timestamp": "2025-07-22 15:59:53.510338", "symbol": "ANEB", "side": "ask", "price": 1.97, "size": 333, "depth_level": 1, "operation": "update"}
{"timestamp": "2025-07-22 15:59:53.510338", "symbol": "ANEB", "side": "ask", "price": 1.98, "size": 227, "depth_level": 2, "operation": "update"}
{"timestamp": "2025-07-22 15:59:53.510338", "symbol": "ANEB", "side": "ask", "price": 1.99, "size": 178, "depth_level": 3, "operation": "update"}
{"timestamp": "2025-07-22 15:59:53.510338", "symbol": "ANEB", "side": "ask", "price": 2.0, "size": 179, "depth_level": 4, "operation": "update"}
{"timestamp": "2025-07-22 15:59:53.510338", "symbol": "ANEB", "side": "ask", "price": 2.01, "size": 56, "depth_level": 5, "operation": "update"}
{"timestamp": "2025-07-22 15:59:53.510338", "symbol": "ANEB", "side": "ask", "price": 2.02, "size": 34, "depth_level": 6, "operation": "update"}
{"timestamp": "2025-07-22 15:59:53.510338", "symbol": "ANEB", "side": "ask", "price": 2.04, "size": 11, "depth_level": 8, "operation": "update"}
{"timestamp": "2025-07-22 15:59:04.726467", "symbol": "ANEB", "side": "bid", "price": 1.79, "size": 3.0, "depth_level": 0, "operation": "update"}
{"timestamp": "2025-07-22 15:59:04.726467", "symbol": "ANEB", "side": "ask", "price": 1.96, "size": 3.0, "depth_level": 0, "operation": "update"}
{"timestamp": "2025-07-22 15:59:04.726467", "symbol": "ANEB", "side": "bid", "price": 1.78, "size": 310, "depth_level": 1, "operation": "update"}
{"timestamp": "2025-07-22 15:59:04.726467", "symbol": "ANEB", "side": "bid", "price": 1.77, "size": 254, "depth_level": 2, "operation": "update"}
{"timestamp": "2025-07-22 15:59:04.726467", "symbol": "ANEB", "side": "bid", "price": 1.76, "size": 195, "depth_level": 3, "operation": "update"}
{"timestamp": "2025-07-22 15:59:04.726467", "symbol": "ANEB", "side": "bid", "price": 1.75, "size": 167, "depth_level": 4, "operation": "update"}
{"timestamp": "2025-07-22 15:59:04.726467", "symbol": "ANEB", "side": "bid", "price": 1.74, "size": 55, "depth_level": 5, "operation": "update"}
{"timestamp": "2025-07-22 15:59:04.726467", "symbol": "ANEB", "side": "bid", "price": 1.73, "size": 24, "depth_level": 6, "operation": "update"}
{"timestamp": "2025-07-22 15:59:04.726467", "symbol": "ANEB", "side": "bid", "price": 1.72, "size": 10, "depth_level": 7, "operation": "update"}
{"timestamp": "2025-07-22 15:59:04.726467", "symbol": "ANEB", "side": "bid", "price": 1.71, "size": 10, "depth_level": 8, "operation": "update"}
{"timestamp": "2025-07-22 15:59:04.726467", "symbol": "ANEB", "side": "bid", "price": 1.7, "size": 5, "depth_level": 9, "operation": "update"}
{"timestamp": "2025-07-22 15:59:04.726467", "symbol": "ANEB", "side": "ask", "price": 1.97, "size": 274, "depth_level": 1, "operation": "update"}
{"timestamp": "2025-07-22 15:59:04.726467", "symbol": "ANEB", "side": "ask", "price": 1.98, "size": 228, "depth_level": 2, "operation": "update"}
{"timestamp": "2025-07-22 15:59:04.726467", "symbol": "ANEB", "side": "ask", "price": 1.99, "size": 197, "depth_level": 3, "operation": "update"}
{"timestamp": "2025-07-22 15:59:04.726467", "symbol": "ANEB", "side": "ask", "price": 2.0, "size": 170, "depth_level": 4, "operation": "update"}
{"timestamp": "2025-07-22 15:59:04.726467", "symbol": "ANEB", "side": "ask", "price": 2.01, "size": 43, "depth_level": 5, "operation": "update"}
{"timestamp": "2025-07-22 15:59:04.726467", "symbol": "ANEB", "side": "ask", "price": 2.02, "size": 32, "depth_level": 6, "operation": "update"}
{"timestamp": "2025-07-22 15:59:04.726467", "symbol": "ANEB", "side": "ask", "price": 2.03, "size": 8, "depth_level": 7, "operation": "update"}
{"timestamp": "2025-07-22 15:59:04.726467", "symbol": "ANEB", "side": "ask", "price": 2.04, "size": 10, "depth_level": 8, "operation": "update"}
{"timestamp": "2025-07-22 15:59:04.726467", "symbol": "ANEB", "side": "ask", "price": 2.05, "size": 4, "depth_level": 9, "operation": "update"}
{"timestamp": "2025-07-22 15:58:21.318484", "symbol": "ANEB", "side": "bid", "price": 1.79, "size": 1.5, "depth_level": 0, "operation": "update"}
{"timestamp": "2025-07-22 15:58:21.318484", "symbol": "ANEB", "side": "ask", "price": 1.95, "size": 1.5, "depth_level": 0, "operation": "update"}
{"timestamp": "2025-07-22 15:58:21.318484", "symbol": "ANEB", "side": "bid", "price": 1.78, "size": 318, "depth_level": 1, "operation": "update"}
{"timestamp": "2025-07-22 15:58:21.318484", "symbol": "ANEB", "side": "bid", "price": 1.77, "size": 225, "depth_level": 2, "operation": "update"}
{"timestamp": "2025-07-22 15:58:21.318484", "symbol": "ANEB", "side": "bid", "price": 1.76, "size": 173, "depth_level": 3, "operation": "update"}
{"timestamp": "2025-07-22 15:58:21.318484", "symbol": "ANEB", "side": "bid", "price": 1.75, "size": 146, "depth_level": 4, "operation": "update"}
{"timestamp": "2025-07-22 15:58:21.318484", "symbol": "ANEB", "side": "bid", "price": 1.74, "size": 53, "depth_level": 5, "operation": "update"}
{"timestamp": "2025-07-22 15:58:21.318484", "symbol": "ANEB", "side": "bid", "price": 1.73, "size": 28, "depth_level": 6, "operation": "update"}
{"timestamp": "2025-07-22 15:58:21.318484", "symbol": "ANEB", "side": "ask", "price": 1.96, "size": 346, "depth_level": 1, "operation": "update"}
{"timestamp": "2025-07-22 15:58:21.318484", "symbol": "ANEB", "side": "ask", "price": 1.97, "size": 289, "depth_level": 2, "operation": "update"}
{"timestamp": "2025-07-22 15:58:21.318484", "symbol": "ANEB", "side": "ask", "price": 1.98, "size": 200, "depth_level": 3, "operation": "update"}
{"timestamp": "2025-07-22 15:58:21.318484", "symbol": "ANEB", "side": "ask", "price": 1.99, "size": 126, "depth_level": 4, "operation": "update"}
{"timestamp": "2025-07-22 15:58:21.318484", "symbol": "ANEB", "side": "ask", "price": 2.0, "size": 56, "depth_level": 5, "operation": "update"}
{"timestamp": "2025-07-22 15:58:21.318484", "symbol": "ANEB", "side": "ask", "price": 2.01, "size": 24, "depth_level": 6, "operation": "update"}
{"timestamp": "2025-07-22 15:58:21.318484", "symbol": "ANEB", "side": "ask", "price": 2.02, "size": 8, "depth_level": 7, "operation": "update"}
{"timestamp": "2025-07-22 15:58:21.318484", "symbol": "ANEB", "side": "ask", "price": 2.03, "size": 9, "depth_level": 8, "operation": "update"}
{"timestamp": "2025-07-22 15:58:21.318484", "symbol": "ANEB", "side": "ask", "price": 2.04, "size": 4, "depth_level": 9, "operation": "update"}
{"timestamp": "2025-07-22 15:58:21.318483", "symbol": "ANEB", "side": "bid", "price": 1.79, "size": 28.5, "depth_level": 0, "operation": "update"}
{"timestamp": "2025-07-22 15:58:21.318483", "symbol": "ANEB", "side": "ask", "price": 1.95, "size": 28.5, "depth_level": 0, "operation": "update"}
{"timestamp": "2025-07-22 15:58:21.318483", "symbol": "ANEB", "side": "bid", "price": 1.78, "size": 309, "depth_level": 1, "operation": "update"}
{"timestamp": "2025-07-22 15:58:21.318483", "symbol": "ANEB", "side": "bid", "price": 1.77, "size": 272, "depth_level": 2, "operation": "update"}
{"timestamp": "2025-07-22 15:58:21.318483", "symbol": "ANEB", "side": "bid", "price": 1.76, "size": 174, "depth_level": 3, "operation": "update"}
{"timestamp": "2025-07-22 15:58:21.318483", "symbol": "ANEB", "side": "bid", "price": 1.75, "size": 163, "depth_level": 4, "operation": "update"}
{"timestamp": "2025-07-22 15:58:21.318483", "symbol": "ANEB", "side": "bid", "price": 1.74, "size": 58, "depth_level": 5, "operation": "update"}
{"timestamp": "2025-07-22 15:58:21.318483", "symbol": "ANEB", "side": "bid", "price": 1.73, "size": 27, "depth_level": 6, "operation": "update"}
{"timestamp": "2025-07-22 15:58:21.318483", "symbol": "ANEB", "side": "bid", "price": 1.72, "size": 8, "depth_level": 7, "operation": "update"}
{"timestamp": "2025-07-22 15:58:21.318483", "symbol": "ANEB", "side": "ask", "price": 1.96, "size": 247, "depth_level": 1, "operation": "update"}
{"timestamp": "2025-07-22 15:58:21.318483", "symbol": "ANEB", "side": "ask", "price": 1.97, "size": 295, "depth_level": 2, "operation": "update"}
{"timestamp": "2025-07-22 15:58:21.318483", "symbol": "ANEB", "side": "ask", "price": 1.98, "size": 165, "depth_level": 3, "operation": "update"}
{"timestamp": "2025-07-22 15:58:21.318483", "symbol": "ANEB", "side": "ask", "price": 1.99, "size": 173, "depth_level": 4, "operation": "update"}
{"timestamp": "2025-07-22 15:58:21.318483", "symbol": "ANEB", "side": "ask", "price": 2.0, "size": 48, "depth_level": 5, "operation": "update"}
{"timestamp": "2025-07-22 15:58:21.318483", "symbol": "ANEB", "side": "ask", "price": 2.01, "size": 27, "depth_level": 6, "operation": "update"}
{"timestamp": "2025-07-22 15:58:21.318483", "symbol": "ANEB", "side": "ask", "price": 2.02, "size": 9, "depth_level": 7, "operation": "update"}
{"timestamp": "2025-07-22 15:58:21.318483", "symbol": "ANEB", "side": "ask", "price": 2.03, "size": 11, "depth_level": 8, "operation": "update"}
{"timestamp": "2025-07-22 15:58:21.318483", "symbol": "ANEB", "side": "ask", "price": 2.04, "size": 5, "depth_level": 9, "operation": "update"}
{"timestamp": "2025-07-22 15:58:21.297662", "symbol": "ANEB", "side": "bid", "price": 1.79, "size": 13.2, "depth_level": 0, "operation": "update"}
{"timestamp": "2025-07-22 15:58:21.297662", "symbol": "ANEB", "side": "ask", "price": 1.95, "size": 13.2, "depth_level": 0, "operation": "update"}
{"timestamp": "2025-07-22 15:58:21.297662", "symbol": "ANEB", "side": "bid", "price": 1.78, "size": 263, "depth_level": 1, "operation": "update"}
{"timestamp": "2025-07-22 15:58:21.297662", "symbol": "ANEB", "side": "bid", "price": 1.77, "size": 204, "depth_level": 2, "operation": "update"}
{"timestamp": "2025-07-22 15:58:21.297662", "symbol": "ANEB", "side": "bid", "price": 1.76, "size": 228, "depth_level": 3, "operation": "update"}
{"timestamp": "2025-07-22 15:58:21.297662", "symbol": "ANEB", "side": "bid", "price": 1.75, "size": 166, "depth_level": 4, "operation": "update"}
{"timestamp": "2025-07-22 15:58:21.297662", "symbol": "ANEB", "side": "bid", "price": 1.74, "size": 53, "depth_level": 5, "operation": "update"}
{"timestamp": "2025-07-22 15:58:21.297662", "symbol": "ANEB", "side": "bid", "price": 1.73, "size": 34, "depth_level": 6, "operation": "update"}
{"timestamp": "2025-07-22 15:58:21.297662", "symbol": "ANEB", "side": "bid", "price": 1.72, "size": 10, "depth_level": 7, "operation": "update"}
{"timestamp": "2025-07-22 15:58:21.297662", "symbol": "ANEB", "side": "bid", "price": 1.71, "size": 9, "depth_level": 8, "operation": "update"}
{"timestamp": "2025-07-22 15:58:21.297662", "symbol": "ANEB", "side": "ask", "price": 1.96, "size": 347, "depth_level": 1, "operation": "update"}
{"timestamp": "2025-07-22 15:58:21.297662", "symbol": "ANEB", "side": "ask", "price": 1.97, "size": 287, "depth_level": 2, "operation": "update"}
{"timestamp": "2025-07-22 15:58:21.297662", "symbol": "ANEB", "side": "ask", "price": 1.98, "size": 226, "depth_level": 3, "operation": "update"}
{"timestamp": "2025-07-22 15:58:21.297662", "symbol": "ANEB", "side": "ask", "price": 1.99, "size": 166, "depth_level": 4, "operation": "update"}
{"timestamp": "2025-07-22 15:58:21.297662", "symbol": "ANEB", "side": "ask", "price": 2.0, "size": 40, "depth_level": 5, "operation": "update"}
{"timestamp": "2025-07-22 15:58:21.297662", "symbol": "ANEB", "side": "ask", "price": 2.01, "size": 30, "depth_level": 6, "operation": "update"}
{"timestamp": "2025-07-22 15:58:21.297662", "symbol": "ANEB", "side": "ask", "price": 2.02, "size": 11, "depth_level": 7, "operation": "update"}
{"timestamp": "2025-07-22 15:58:21.297662", "symbol": "ANEB", "side": "ask", "price": 1.95, "size": 10986, "depth_level": 0, "operation": "update"}
{"timestamp": "2025-07-22 15:58:21.296454", "symbol": "ANEB", "side": "ask", "price": 1.95, "size": 0, "depth_level": 0, "operation": "delete"}
{"timestamp": "2025-07-22 15:58:21.296454", "symbol": "ANEB", "side": "bid", "price": 1.79, "size": 41.2, "depth_level": 0, "operation": "update"}
{"timestamp": "2025-07-22 15:58:21.296454", "symbol": "ANEB", "side": "bid", "price": 1.78, "size": 284, "depth_level": 1, "operation": "update"}
{"timestamp": "2025-07-22 15:58:21.296454", "symbol": "ANEB", "side": "bid", "price": 1.77, "size": 233, "depth_level": 2, "operation": "update"}
{"timestamp": "2025-07-22 15:58:21.296454", "symbol": "ANEB", "side": "bid", "price": 1.76, "size": 179, "depth_level": 3, "operation": "update"}
{"timestamp": "2025-07-22 15:58:21.296454", "symbol": "ANEB", "side": "bid", "price": 1.75, "size": 149, "depth_level": 4, "operation": "update"}
{"timestamp": "2025-07-22 15:58:21.296454", "symbol": "ANEB", "side": "bid", "price": 1.74, "size": 47, "depth_level": 5, "operation": "update"}
{"timestamp": "2025-07-22 15:58:21.296454", "symbol": "ANEB", "side": "bid", "price": 1.73, "size": 26, "depth_level": 6, "operation": "update"}
{"timestamp": "2025-07-22 15:58:21.296454", "symbol": "ANEB", "side": "bid", "price": 1.71, "size": 10, "depth_level": 8, "operation": "update"}
{"timestamp": "2025-07-22 15:58:21.296454", "symbol": "ANEB", "side": "ask", "price": 1.96, "size": 287, "depth_level": 1, "operation": "update"}
{"timestamp": "2025-07-22 15:58:21.296454", "symbol": "ANEB", "side": "ask", "price": 1.97, "size": 268, "depth_level": 2, "operation": "update"}
{"timestamp": "2025-07-22 15:58:21.296454", "symbol": "ANEB", "side": "ask", "price": 1.98, "size": 171, "depth_level": 3, "operation": "update"}
{"timestamp": "2025-07-22 15:58:21.296454", "symbol": "ANEB", "side": "ask", "price": 1.99, "size": 131, "depth_level": 4, "operation": "update"}
{"timestamp": "2025-07-22 15:58:21.296454", "symbol": "ANEB", "side": "ask", "price": 2.0, "size": 42, "depth_level": 5, "operation": "update"}
{"timestamp": "2025-07-22 15:58:21.296454", "symbol": "ANEB", "side": "ask", "price": 2.01, "size": 32, "depth_level": 6, "operation": "update"}
{"timestamp": "2025-07-22 15:58:21.296454", "symbol": "ANEB", "side": "ask", "price": 2.02, "size": 10, "depth_level": 7, "operation": "update"}
{"timestamp": "2025-07-22 15:58:21.296454", "symbol": "ANEB", "side": "ask", "price": 2.03, "size": 9, "depth_level": 8, "operation": "update"}
{"timestamp": "2025-07-22 15:58:21.277113", "symbol": "ANEB", "side": "bid", "price": 1.79, "size": 30.0, "depth_level": 0, "operation": "update"}
{"timestamp": "2025-07-22 15:58:21.277113", "symbol": "ANEB", "side": "ask", "price": 1.95, "size": 30.0, "depth_level": 0, "operation": "update"}
{"timestamp": "2025-07-22 15:58:21.277113", "symbol": "ANEB", "side": "bid", "price": 1.78, "size": 335, "depth_level": 1, "operation": "update"}
{"timestamp": "2025-07-22 15:58:21.277113", "symbol": "ANEB", "side": "bid", "price": 1.77, "size": 214, "depth_level": 2, "operation": "update"}
{"timestamp": "2025-07-22 15:58:21.277113", "symbol": "ANEB", "side": "bid", "price": 1.76, "size": 225, "depth_level": 3, "operation": "update"}
{"timestamp": "2025-07-22 15:58:21.277113", "symbol": "ANEB", "side": "bid", "price": 1.75, "size": 155, "depth_level": 4, "operation": "update"}
{"timestamp": "2025-07-22 15:58:21.277113", "symbol": "ANEB", "side": "bid", "price": 1.74, "size": 44, "depth_level": 5, "operation": "update"}
{"timestamp": "2025-07-22 15:58:21.277113", "symbol": "ANEB", "side": "bid", "price": 1.73, "size": 29, "depth_level": 6, "operation": "update"}
{"timestamp": "2025-07-22 15:58:21.277113", "symbol": "ANEB", "side": "bid", "price": 1.72, "size": 9, "depth_level": 7, "operation": "update"}
{"timestamp": "2025-07-22 15:58:21.277113", "symbol": "ANEB", "side": "bid", "price": 1.71, "size": 11, "depth_level": 8, "operation": "update"}
{"timestamp": "2025-07-22 15:58:21.277113", "symbol": "ANEB", "side": "bid", "price": 1.7, "size": 4, "depth_level": 9, "operation": "update"}
{"timestamp": "2025-07-22 15:58:21.277113", "symbol": "ANEB", "side": "ask", "price": 1.96, "size": 274, "depth_level": 1, "operation": "update"}
{"timestamp": "2025-07-22 15:58:21.277113", "symbol": "ANEB", "side": "ask", "price": 1.97, "size": 203, "depth_level": 2, "operation": "update"}
{"timestamp": "2025-07-22 15:58:21.277113", "symbol": "ANEB", "side": "ask", "price": 1.98, "size": 165, "depth_level": 3, "operation": "update"}
{"timestamp": "2025-07-22 15:58:21.277113", "symbol": "ANEB", "side": "ask", "price": 1.99, "size": 150, "depth_level": 4, "operation": "update"}
{"timestamp": "2025-07-22 15:58:21.277113", "symbol": "ANEB", "side": "ask", "price": 2.0, "size": 57, "depth_level": 5, "operation": "update"}
{"timestamp": "2025-07-22 15:58:21.277113", "symbol": "ANEB", "side": "ask", "price": 2.01, "size": 31, "depth_level": 6, "operation": "update"}
{"timestamp": "2025-07-22 15:58:21.277113", "symbol": "ANEB", "side": "ask", "price": 2.02, "size": 8, "depth_level": 7, "operation": "update"}
{"timestamp": "2025-07-22 15:58:21.277113", "symbol": "ANEB", "side": "ask", "price": 2.03, "size": 10, "depth_level": 8, "operation": "update"}
{"timestamp": "2025-07-22 15:58:21.277113", "symbol": "ANEB", "side": "ask", "price": 2.04, "size": 4, "depth_level": 9, "operation": "update"}
{"timestamp": "2025-07-22 15:58:21.267871", "symbol": "ANEB", "side": "bid", "price": 1.82, "size": 90.0, "depth_level": 0, "operation": "update"}
{"timestamp": "2025-07-22 15:58:21.267871", "symbol": "ANEB", "side": "ask", "price": 1.95, "size": 90.0, "depth_level": 0, "operation": "update"}
{"timestamp": "2025-07-22 15:58:21.267871", "symbol": "ANEB", "side": "bid", "price": 1.81, "size": 264, "depth_level": 1, "operation": "update"}
{"timestamp": "2025-07-22 15:58:21.267871", "symbol": "ANEB", "side": "bid", "price": 1.8, "size": 286, "depth_level": 2, "operation": "update"}
{"timestamp": "2025-07-22 15:58:21.267871", "symbol": "ANEB", "side": "bid", "price": 1.79, "size": 185, "depth_level": 3, "operation": "update"}
{"timestamp": "2025-07-22 15:58:21.267871", "symbol": "ANEB", "side": "bid", "price": 1.78, "size": 160, "depth_level": 4, "operation": "update"}
{"timestamp": "2025-07-22 15:58:21.267871", "symbol": "ANEB", "side": "bid", "price": 1.77, "size": 52, "depth_level": 5, "operation": "update"}
{"timestamp": "2025-07-22 15:58:21.267871", "symbol": "ANEB", "side": "bid", "price": 1.76, "size": 33, "depth_level": 6, "operation": "update"}
{"timestamp": "2025-07-22 15:58:21.267871", "symbol": "ANEB", "side": "bid", "price": 1.75, "size": 11, "depth_level": 7, "operation": "update"}
{"timestamp": "2025-07-22 15:58:21.267871", "symbol": "ANEB", "side": "bid", "price": 1.74, "size": 9, "depth_level": 8, "operation": "update"}
{"timestamp": "2025-07-22 15:58:21.267871", "symbol": "ANEB", "side": "bid", "price": 1.73, "size": 4, "depth_level": 9, "operation": "update"}
{"timestamp": "2025-07-22 15:58:21.267871", "symbol": "ANEB", "side": "ask", "price": 1.96, "size": 257, "depth_level": 1, "operation": "update"}
{"timestamp": "2025-07-22 15:58:21.267871", "symbol": "ANEB", "side": "ask", "price": 1.97, "size": 281, "depth_level": 2, "operation": "update"}
{"timestamp": "2025-07-22 15:58:21.267871", "symbol": "ANEB", "side": "ask", "price": 1.98, "size": 228, "depth_level": 3, "operation": "update"}
{"timestamp": "2025-07-22 15:58:21.267871", "symbol": "ANEB", "side": "ask", "price": 1.99, "size": 171, "depth_level": 4, "operation": "update"}
{"timestamp": "2025-07-22 15:58:21.267871", "symbol": "ANEB", "side": "ask", "price": 2.0, "size": 45, "depth_level": 5, "operation": "update"}
{"timestamp": "2025-07-22 15:58:21.267871", "symbol": "ANEB", "side": "ask", "price": 2.01, "size": 25, "depth_level": 6, "operation": "update"}
{"timestamp": "2025-07-22 15:58:21.267871", "symbol": "ANEB", "side": "ask", "price": 2.02, "size": 10, "depth_level": 7, "operation": "update"}
{"timestamp": "2025-07-22 15:58:21.267871", "symbol": "ANEB", "side": "ask", "price": 2.03, "size": 8, "depth_level": 8, "operation": "update"}
{"timestamp": "2025-07-22 15:58:21.267871", "symbol": "ANEB", "side": "ask", "price": 1.95, "size": 7022, "depth_level": 0, "operation": "update"}
{"timestamp": "2025-07-22 15:58:21.267744", "symbol": "ANEB", "side": "bid", "price": 1.82, "size": 30.0, "depth_level": 0, "operation": "update"}
{"timestamp": "2025-07-22 15:58:21.267744", "symbol": "ANEB", "side": "ask", "price": 1.95, "size": 30.0, "depth_level": 0, "operation": "update"}
{"timestamp": "2025-07-22 15:58:21.267744", "symbol": "ANEB", "side": "bid", "price": 1.81, "size": 349, "depth_level": 1, "operation": "update"}
{"timestamp": "2025-07-22 15:58:21.267744", "symbol": "ANEB", "side": "bid", "price": 1.8, "size": 201, "depth_level": 2, "operation": "update"}
{"timestamp": "2025-07-22 15:58:21.267744", "symbol": "ANEB", "side": "bid", "price": 1.79, "size": 192, "depth_level": 3, "operation": "update"}
{"timestamp": "2025-07-22 15:58:21.267744", "symbol": "ANEB", "side": "bid", "price": 1.78, "size": 133, "depth_level": 4, "operation": "update"}
{"timestamp": "2025-07-22 15:58:21.267744", "symbol": "ANEB", "side": "bid", "price": 1.77, "size": 46, "depth_level": 5, "operation": "update"}
{"timestamp": "2025-07-22 15:58:21.267744", "symbol": "ANEB", "side": "bid", "price": 1.76, "size": 34, "depth_level": 6, "operation": "update"}
{"timestamp": "2025-07-22 15:58:21.267744", "symbol": "ANEB", "side": "ask", "price": 1.96, "size": 259, "depth_level": 1, "operation": "update"}
{"timestamp": "2025-07-22 15:58:21.267744", "symbol": "ANEB", "side": "ask", "price": 1.97, "size": 296, "depth_level": 2, "operation": "update"}
{"timestamp": "2025-07-22 15:58:21.267744", "symbol": "ANEB", "side": "ask", "price": 1.98, "size": 200, "depth_level": 3, "operation": "update"}
{"timestamp": "2025-07-22 15:58:21.267744", "symbol": "ANEB", "side": "ask", "price": 1.99, "size": 140, "depth_level": 4, "operation": "update"}
{"timestamp": "2025-07-22 15:58:21.267744", "symbol": "ANEB", "side": "ask", "price": 2.0, "size": 59, "depth_level": 5, "operation": "update"}
{"timestamp": "2025-07-22 15:58:21.267744", "symbol": "ANEB", "side": "ask", "price": 2.04, "size": 5, "depth_level": 9, "operation": "update"}
{"timestamp": "2025-07-22 15:58:21.267744", "symbol": "ANEB", "side": "bid", "price": 1.82, "size": 19437, "depth_level": 0, "operation": "update"}
{"timestamp": "2025-07-22 15:58:21.267481", "symbol": "ANEB", "side": "bid", "price": 1.82, "size": 60.0, "depth_level": 0, "operation": "update"}
{"timestamp": "2025-07-22 15:58:21.267481", "symbol": "ANEB", "side": "ask", "price": 1.95, "size": 60.0, "depth_level": 0, "operation": "update"}
{"timestamp": "2025-07-22 15:58:21.267481", "symbol": "ANEB", "side": "bid", "price": 1.81, "size": 342, "depth_level": 1, "operation": "update"}
{"timestamp": "2025-07-22 15:58:21.267481", "symbol": "ANEB", "side": "bid", "price": 1.8, "size": 269, "depth_level": 2, "operation": "update"}
{"timestamp": "2025-07-22 15:58:21.267481", "symbol": "ANEB", "side": "bid", "price": 1.79, "size": 200, "depth_level": 3, "operation": "update"}
{"timestamp": "2025-07-22 15:58:21.267481", "symbol": "ANEB", "side": "bid", "price": 1.78, "size": 162, "depth_level": 4, "operation": "update"}
{"timestamp": "2025-07-22 15:58:21.267481", "symbol": "ANEB", "side": "bid", "price": 1.77, "size": 41, "depth_level": 5, "operation": "update"}
{"timestamp": "2025-07-22 15:58:21.267481", "symbol": "ANEB", "side": "bid", "price": 1.76, "size": 26, "depth_level": 6, "operation": "update"}
{"timestamp": "2025-07-22 15:58:21.267481", "symbol": "ANEB", "side": "bid", "price": 1.75, "size": 8, "depth_level": 7, "operation": "update"}
{"timestamp": "2025-07-22 15:58:21.267481", "symbol": "ANEB", "side": "bid", "price": 1.74, "size": 11, "depth_level": 8, "operation": "update"}
{"timestamp": "2025-07-22 15:58:21.267481", "symbol": "ANEB", "side": "ask", "price": 1.96, "size": 312, "depth_level": 1, "operation": "update"}
{"timestamp": "2025-07-22 15:58:21.267481", "symbol": "ANEB", "side": "ask", "price": 1.97, "size": 259, "depth_level": 2, "operation": "update"}
{"timestamp": "2025-07-22 15:58:21.267481", "symbol": "ANEB", "side": "ask", "price": 1.98, "size": 192, "depth_level": 3, "operation": "update"}
{"timestamp": "2025-07-22 15:58:21.267481", "symbol": "ANEB", "side": "ask", "price": 1.99, "size": 127, "depth_level": 4, "operation": "update"}
{"timestamp": "2025-07-22 15:58:21.267481", "symbol": "ANEB", "side": "ask", "price": 2.0, "size": 43, "depth_level": 5, "operation": "update"}
{"timestamp": "2025-07-22 15:58:21.267481", "symbol": "ANEB", "side": "ask", "price": 2.01, "size": 31, "depth_level": 6, "operation": "update"}
{"timestamp": "2025-07-22 15:58:21.267481", "symbol": "ANEB", "side": "ask", "price": 2.02, "size": 11, "depth_level": 7, "operation": "update"}
{"timestamp": "2025-07-22 15:58:21.267481", "symbol": "ANEB", "side": "ask", "price": 2.03, "size": 11, "depth_level": 8, "operation": "update"}
{"timestamp": "2025-07-22 15:58:21.267481", "symbol": "ANEB", "side": "ask", "price": 2.04, "size": 4, "depth_level": 9, "operation": "update"}
{"timestamp": "2025-07-22 15:58:21.267270", "symbol": "ANEB", "side": "ask", "price": 1.95, "size": 210.0, "depth_level": 0, "operation": "update"}
{"timestamp": "2025-07-22 15:58:21.267270", "symbol": "ANEB", "side": "bid", "price": 1.89, "size": 304, "depth_level": 1, "operation": "update"}
{"timestamp": "2025-07-22 15:58:21.267270", "symbol": "ANEB", "side": "bid", "price": 1.88, "size": 201, "depth_level": 2, "operation": "update"}
{"timestamp": "2025-07-22 15:58:21.267270", "symbol": "ANEB", "side": "bid", "price": 1.8699999999999999, "size": 182, "depth_level": 3, "operation": "update"}
{"timestamp": "2025-07-22 15:58:21.267270", "symbol": "ANEB", "side": "bid", "price": 1.8599999999999999, "size": 159, "depth_level": 4, "operation": "update"}
{"timestamp": "2025-07-22 15:58:21.267270", "symbol": "ANEB", "side": "bid", "price": 1.8499999999999999, "size": 48, "depth_level": 5, "operation": "update"}
{"timestamp": "2025-07-22 15:58:21.267270", "symbol": "ANEB", "side": "bid", "price": 1.8399999999999999, "size": 32, "depth_level": 6, "operation": "update"}
{"timestamp": "2025-07-22 15:58:21.267270", "symbol": "ANEB", "side": "bid", "price": 1.8299999999999998, "size": 10, "depth_level": 7, "operation": "update"}
{"timestamp": "2025-07-22 15:58:21.267270", "symbol": "ANEB", "side": "bid", "price": 1.8199999999999998, "size": 10, "depth_level": 8, "operation": "update"}
{"timestamp": "2025-07-22 15:58:21.267270", "symbol": "ANEB", "side": "bid", "price": 1.8099999999999998, "size": 5, "depth_level": 9, "operation": "update"}
{"timestamp": "2025-07-22 15:58:21.267270", "symbol": "ANEB", "side": "ask", "price": 1.96, "size": 327, "depth_level": 1, "operation": "update"}
{"timestamp": "2025-07-22 15:58:21.267270", "symbol": "ANEB", "side": "ask", "price": 1.97, "size": 290, "depth_level": 2, "operation": "update"}
{"timestamp": "2025-07-22 15:58:21.267270", "symbol": "ANEB", "side": "ask", "price": 1.98, "size": 235, "depth_level": 3, "operation": "update"}
{"timestamp": "2025-07-22 15:58:21.267270", "symbol": "ANEB", "side": "ask", "price": 1.99, "size": 135, "depth_level": 4, "operation": "update"}
{"timestamp": "2025-07-22 15:58:21.267270", "symbol": "ANEB", "side": "ask", "price": 2.0, "size": 48, "depth_level": 5, "operation": "update"}
{"timestamp": "2025-07-22 15:58:21.267270", "symbol": "ANEB", "side": "ask", "price": 2.01, "size": 34, "depth_level": 6, "operation": "update"}
{"timestamp": "2025-07-22 15:58:21.267270", "symbol": "ANEB", "side": "ask", "price": 2.02, "size": 8, "depth_level": 7, "operation": "update"}
{"timestamp": "2025-07-22 15:58:21.267270", "symbol": "ANEB", "side": "ask", "price": 2.03, "size": 10, "depth_level": 8, "operation": "update"}
{"timestamp": "2025-07-22 15:58:21.267100", "symbol": "ANEB", "side": "bid", "price": 1.9, "size": 30.0, "depth_level": 0, "operation": "update"}
{"timestamp": "2025-07-22 15:58:21.267100", "symbol": "ANEB", "side": "ask", "price": 1.95, "size": 30.0, "depth_level": 0, "operation": "update"}
{"timestamp": "2025-07-22 15:58:21.267100", "symbol": "ANEB", "side": "bid", "price": 1.89, "size": 263, "depth_level": 1, "operation": "update"}
{"timestamp": "2025-07-22 15:58:21.267100", "symbol": "ANEB", "side": "bid", "price": 1.88, "size": 269, "depth_level": 2, "operation": "update"}
{"timestamp": "2025-07-22 15:58:21.267100", "symbol": "ANEB", "side": "bid", "price": 1.8699999999999999, "size": 208, "depth_level": 3, "operation": "update"}
{"timestamp": "2025-07-22 15:58:21.267100", "symbol": "ANEB", "side": "bid", "price": 1.8599999999999999, "size": 166, "depth_level": 4, "operation": "update"}
{"timestamp": "2025-07-22 15:58:21.267100", "symbol": "ANEB", "side": "bid", "price": 1.8499999999999999, "size": 43, "depth_level": 5, "operation": "update"}
{"timestamp": "2025-07-22 15:58:21.267100", "symbol": "ANEB", "side": "bid", "price": 1.8399999999999999, "size": 31, "depth_level": 6, "operation": "update"}
{"timestamp": "2025-07-22 15:58:21.267100", "symbol": "ANEB", "side": "bid", "price": 1.8299999999999998, "size": 11, "depth_level": 7, "operation": "update"}
{"timestamp": "2025-07-22 15:58:21.267100", "symbol": "ANEB", "side": "ask", "price": 1.96, "size": 335, "depth_level": 1, "operation": "update"}
{"timestamp": "2025-07-22 15:58:21.267100", "symbol": "ANEB", "side": "ask", "price": 1.97, "size": 261, "depth_level": 2, "operation": "update"}
{"timestamp": "2025-07-22 15:58:21.267100", "symbol": "ANEB", "side": "ask", "price": 1.98, "size": 208, "depth_level": 3, "operation": "update"}
{"timestamp": "2025-07-22 15:58:21.267100", "symbol": "ANEB", "side": "ask", "price": 1.99, "size": 164, "depth_level": 4, "operation": "update"}
{"timestamp": "2025-07-22 15:58:21.267100", "symbol": "ANEB", "side": "ask", "price": 2.0, "size": 44, "depth_level": 5, "operation": "update"}
{"timestamp": "2025-07-22 15:58:21.267100", "symbol": "ANEB", "side": "ask", "price": 2.01, "size": 28, "depth_level": 6, "operation": "update"}
{"timestamp": "2025-07-22 15:58:21.267100", "symbol": "ANEB", "side": "ask", "price": 2.02, "size": 11, "depth_level": 7, "operation": "update"}
{"timestamp": "2025-07-22 15:58:21.267100", "symbol": "ANEB", "side": "ask", "price": 2.03, "size": 9, "depth_level": 8, "operation": "update"}
{"timestamp": "2025-07-22 15:58:21.266723", "symbol": "ANEB", "side": "bid", "price": 1.9, "size": 30.0, "depth_level": 0, "operation": "update"}
{"timestamp": "2025-07-22 15:58:21.266723", "symbol": "ANEB", "side": "ask", "price": 1.95, "size": 30.0, "depth_level": 0, "operation": "update"}
{"timestamp": "2025-07-22 15:58:21.266723", "symbol": "ANEB", "side": "bid", "price": 1.89, "size": 284, "depth_level": 1, "operation": "update"}
{"timestamp": "2025-07-22 15:58:21.266723", "symbol": "ANEB", "side": "bid", "price": 1.88, "size": 272, "depth_level": 2, "operation": "update"}
{"timestamp": "2025-07-22 15:58:21.266723", "symbol": "ANEB", "side": "bid", "price": 1.8699999999999999, "size": 221, "depth_level": 3, "operation": "update"}
{"timestamp": "2025-07-22 15:58:21.266723", "symbol": "ANEB", "side": "bid", "price": 1.8599999999999999, "size": 125, "depth_level": 4, "operation": "update"}
{"timestamp": "2025-07-22 15:58:21.266723", "symbol": "ANEB", "side": "bid", "price": 1.8499999999999999, "size": 42, "depth_level": 5, "operation": "update"}
{"timestamp": "2025-07-22 15:58:21.266723", "symbol": "ANEB", "side": "bid", "price": 1.8399999999999999, "size": 32, "depth_level": 6, "operation": "update"}
{"timestamp": "2025-07-22 15:58:21.266723", "symbol": "ANEB", "side": "bid", "price": 1.8299999999999998, "size": 8, "depth_level": 7, "operation": "update"}
{"timestamp": "2025-07-22 15:58:21.266723", "symbol": "ANEB", "side": "bid", "price": 1.8199999999999998, "size": 11, "depth_level": 8, "operation": "update"}
{"timestamp": "2025-07-22 15:58:21.266723", "symbol": "ANEB", "side": "ask", "price": 1.96, "size": 313, "depth_level": 1, "operation": "update"}
{"timestamp": "2025-07-22 15:58:21.266723", "symbol": "ANEB", "side": "ask", "price": 1.97, "size": 256, "depth_level": 2, "operation": "update"}
{"timestamp": "2025-07-22 15:58:21.266723", "symbol": "ANEB", "side": "ask", "price": 1.98, "size": 191, "depth_level": 3, "operation": "update"}
{"timestamp": "2025-07-22 15:58:21.266723", "symbol": "ANEB", "side": "ask", "price": 1.99, "size": 123, "depth_level": 4, "operation": "update"}
{"timestamp": "2025-07-22 15:58:21.266723", "symbol": "ANEB", "side": "ask", "price": 2.0, "size": 56, "depth_level": 5, "operation": "update"}
{"timestamp": "2025-07-22 15:58:21.266723", "symbol": "ANEB", "side": "ask", "price": 2.01, "size": 25, "depth_level": 6, "operation": "update"}
{"timestamp": "2025-07-22 15:58:21.266723", "symbol": "ANEB", "side": "ask", "price": 2.02, "size": 8, "depth_level": 7, "operation": "update"}
{"timestamp": "2025-07-22 15:58:21.266723", "symbol": "ANEB", "side": "ask", "price": 2.03, "size": 10, "depth_level": 8, "operation": "update"}
{"timestamp": "2025-07-22 15:58:17.658070", "symbol": "ANEB", "side": "bid", "price": 1.9, "size": 30.0, "depth_level": 0, "operation": "update"}
{"timestamp": "2025-07-22 15:58:17.658070", "symbol": "ANEB", "side": "ask", "price": 1.95, "size": 30.0, "depth_level": 0, "operation": "update"}
{"timestamp": "2025-07-22 15:58:17.658070", "symbol": "ANEB", "side": "bid", "price": 1.89, "size": 293, "depth_level": 1, "operation": "update"}
{"timestamp": "2025-07-22 15:58:17.658070", "symbol": "ANEB", "side": "bid", "price": 1.88, "size": 236, "depth_level": 2, "operation": "update"}
{"timestamp": "2025-07-22 15:58:17.658070", "symbol": "ANEB", "side": "bid", "price": 1.8699999999999999, "size": 190, "depth_level": 3, "operation": "update"}
{"timestamp": "2025-07-22 15:58:17.658070", "symbol": "ANEB", "side": "bid", "price": 1.8599999999999999, "size": 142, "depth_level": 4, "operation": "update"}
{"timestamp": "2025-07-22 15:58:17.658070", "symbol": "ANEB", "side": "bid", "price": 1.8499999999999999, "size": 56, "depth_level": 5, "operation": "update"}
{"timestamp": "2025-07-22 15:58:17.658070", "symbol": "ANEB", "side": "bid", "price": 1.8199999999999998, "size": 8, "depth_level": 8, "operation": "update"}
{"timestamp": "2025-07-22 15:58:17.658070", "symbol": "ANEB", "side": "bid", "price": 1.8099999999999998, "size": 4, "depth_level": 9, "operation": "update"}
{"timestamp": "2025-07-22 15:58:17.658070", "symbol": "ANEB", "side": "ask", "price": 1.96, "size": 359, "depth_level": 1, "operation": "update"}
{"timestamp": "2025-07-22 15:58:17.658070", "symbol": "ANEB", "side": "ask", "price": 1.97, "size": 239, "depth_level": 2, "operation": "update"}
{"timestamp": "2025-07-22 15:58:17.658070", "symbol": "ANEB", "side": "ask", "price": 1.98, "size": 180, "depth_level": 3, "operation": "update"}
{"timestamp": "2025-07-22 15:58:17.658070", "symbol": "ANEB", "side": "ask", "price": 1.99, "size": 148, "depth_level": 4, "operation": "update"}
{"timestamp": "2025-07-22 15:58:17.658070", "symbol": "ANEB", "side": "ask", "price": 2.0, "size": 51, "depth_level": 5, "operation": "update"}
{"timestamp": "2025-07-22 15:58:17.658070", "symbol": "ANEB", "side": "ask", "price": 2.01, "size": 28, "depth_level": 6, "operation": "update"}
{"timestamp": "2025-07-22 15:58:17.658070", "symbol": "ANEB", "side": "ask", "price": 2.02, "size": 10, "depth_level": 7, "operation": "update"}
{"timestamp": "2025-07-22 15:58:17.658070", "symbol": "ANEB", "side": "ask", "price": 2.03, "size": 8, "depth_level": 8, "operation": "update"}
{"timestamp": "2025-07-22 15:58:17.658070", "symbol": "ANEB", "side": "ask", "price": 2.04, "size": 5, "depth_level": 9, "operation": "update"}
{"timestamp": "2025-07-22 15:58:17.646702", "symbol": "ANEB", "side": "bid", "price": 1.9, "size": 60.0, "depth_level": 0, "operation": "update"}
{"timestamp": "2025-07-22 15:58:17.646702", "symbol": "ANEB", "side": "ask", "price": 1.95, "size": 60.0, "depth_level": 0, "operation": "update"}
{"timestamp": "2025-07-22 15:58:17.646702", "symbol": "ANEB", "side": "bid", "price": 1.89, "size": 267, "depth_level": 1, "operation": "update"}
{"timestamp": "2025-07-22 15:58:17.646702", "symbol": "ANEB", "side": "bid", "price": 1.88, "size": 221, "depth_level": 2, "operation": "update"}
{"timestamp": "2025-07-22 15:58:17.646702", "symbol": "ANEB", "side": "bid", "price": 1.8699999999999999, "size": 217, "depth_level": 3, "operation": "update"}
{"timestamp": "2025-07-22 15:58:17.646702", "symbol": "ANEB", "side": "bid", "price": 1.8599999999999999, "size": 148, "depth_level": 4, "operation": "update"}
{"timestamp": "2025-07-22 15:58:17.646702", "symbol": "ANEB", "side": "bid", "price": 1.8499999999999999, "size": 49, "depth_level": 5, "operation": "update"}
{"timestamp": "2025-07-22 15:58:17.646702", "symbol": "ANEB", "side": "bid", "price": 1.8399999999999999, "size": 30, "depth_level": 6, "operation": "update"}
{"timestamp": "2025-07-22 15:58:17.646702", "symbol": "ANEB", "side": "bid", "price": 1.8299999999999998, "size": 9, "depth_level": 7, "operation": "update"}
{"timestamp": "2025-07-22 15:58:17.646702", "symbol": "ANEB", "side": "bid", "price": 1.8099999999999998, "size": 5, "depth_level": 9, "operation": "update"}
{"timestamp": "2025-07-22 15:58:17.646702", "symbol": "ANEB", "side": "ask", "price": 1.96, "size": 282, "depth_level": 1, "operation": "update"}
{"timestamp": "2025-07-22 15:58:17.646702", "symbol": "ANEB", "side": "ask", "price": 1.97, "size": 287, "depth_level": 2, "operation": "update"}
{"timestamp": "2025-07-22 15:58:17.646702", "symbol": "ANEB", "side": "ask", "price": 1.98, "size": 220, "depth_level": 3, "operation": "update"}
{"timestamp": "2025-07-22 15:58:17.646702", "symbol": "ANEB", "side": "ask", "price": 1.99, "size": 125, "depth_level": 4, "operation": "update"}
{"timestamp": "2025-07-22 15:58:17.646702", "symbol": "ANEB", "side": "ask", "price": 2.0, "size": 46, "depth_level": 5, "operation": "update"}
{"timestamp": "2025-07-22 15:58:17.646702", "symbol": "ANEB", "side": "ask", "price": 2.01, "size": 26, "depth_level": 6, "operation": "update"}
{"timestamp": "2025-07-22 15:58:17.646702", "symbol": "ANEB", "side": "ask", "price": 2.03, "size": 9, "depth_level": 8, "operation": "update"}
{"timestamp": "2025-07-22 15:58:17.288895", "symbol": "ANEB", "side": "bid", "price": 1.9, "size": 9.299999999999999, "depth_level": 0, "operation": "update"}
{"timestamp": "2025-07-22 15:58:17.288895", "symbol": "ANEB", "side": "ask", "price": 1.95, "size": 9.299999999999999, "depth_level": 0, "operation": "update"}
{"timestamp": "2025-07-22 15:58:17.288895", "symbol": "ANEB", "side": "bid", "price": 1.89, "size": 330, "depth_level": 1, "operation": "update"}
{"timestamp": "2025-07-22 15:58:17.288895", "symbol": "ANEB", "side": "bid", "price": 1.88, "size": 200, "depth_level": 2, "operation": "update"}
{"timestamp": "2025-07-22 15:58:17.288895", "symbol": "ANEB", "side": "bid", "price": 1.8699999999999999, "size": 160, "depth_level": 3, "operation": "update"}
{"timestamp": "2025-07-22 15:58:17.288895", "symbol": "ANEB", "side": "bid", "price": 1.8599999999999999, "size": 139, "depth_level": 4, "operation": "update"}
{"timestamp": "2025-07-22 15:58:17.288895", "symbol": "ANEB", "side": "bid", "price": 1.8499999999999999, "size": 47, "depth_level": 5, "operation": "update"}
{"timestamp": "2025-07-22 15:58:17.288895", "symbol": "ANEB", "side": "bid", "price": 1.8399999999999999, "size": 27, "depth_level": 6, "operation": "update"}
{"timestamp": "2025-07-22 15:58:17.288895", "symbol": "ANEB", "side": "bid", "price": 1.8199999999999998, "size": 11, "depth_level": 8, "operation": "update"}
{"timestamp": "2025-07-22 15:58:17.288895", "symbol": "ANEB", "side": "bid", "price": 1.8099999999999998, "size": 4, "depth_level": 9, "operation": "update"}
{"timestamp": "2025-07-22 15:58:17.288895", "symbol": "ANEB", "side": "ask", "price": 1.96, "size": 243, "depth_level": 1, "operation": "update"}
{"timestamp": "2025-07-22 15:58:17.288895", "symbol": "ANEB", "side": "ask", "price": 1.97, "size": 238, "depth_level": 2, "operation": "update"}
{"timestamp": "2025-07-22 15:58:17.288895", "symbol": "ANEB", "side": "ask", "price": 1.98, "size": 232, "depth_level": 3, "operation": "update"}
{"timestamp": "2025-07-22 15:58:17.288895", "symbol": "ANEB", "side": "ask", "price": 1.99, "size": 162, "depth_level": 4, "operation": "update"}
{"timestamp": "2025-07-22 15:58:17.288895", "symbol": "ANEB", "side": "ask", "price": 2.0, "size": 43, "depth_level": 5, "operation": "update"}
{"timestamp": "2025-07-22 15:58:17.288895", "symbol": "ANEB", "side": "ask", "price": 2.03, "size": 10, "depth_level": 8, "operation": "update"}
{"timestamp": "2025-07-22 15:58:17.288895", "symbol": "ANEB", "side": "ask", "price": 2.04, "size": 4, "depth_level": 9, "operation": "update"}
{"timestamp": "2025-07-22 15:58:17.287238", "symbol": "ANEB", "side": "bid", "price": 1.9, "size": 30.0, "depth_level": 0, "operation": "update"}
{"timestamp": "2025-07-22 15:58:17.287238", "symbol": "ANEB", "side": "ask", "price": 1.95, "size": 30.0, "depth_level": 0, "operation": "update"}
{"timestamp": "2025-07-22 15:58:17.287238", "symbol": "ANEB", "side": "bid", "price": 1.89, "size": 349, "depth_level": 1, "operation": "update"}
{"timestamp": "2025-07-22 15:58:17.287238", "symbol": "ANEB", "side": "bid", "price": 1.88, "size": 239, "depth_level": 2, "operation": "update"}
{"timestamp": "2025-07-22 15:58:17.287238", "symbol": "ANEB", "side": "bid", "price": 1.8699999999999999, "size": 199, "depth_level": 3, "operation": "update"}
{"timestamp": "2025-07-22 15:58:17.287238", "symbol": "ANEB", "side": "bid", "price": 1.8599999999999999, "size": 155, "depth_level": 4, "operation": "update"}
{"timestamp": "2025-07-22 15:58:17.287238", "symbol": "ANEB", "side": "bid", "price": 1.8499999999999999, "size": 57, "depth_level": 5, "operation": "update"}
{"timestamp": "2025-07-22 15:58:17.287238", "symbol": "ANEB", "side": "bid", "price": 1.8399999999999999, "size": 32, "depth_level": 6, "operation": "update"}
{"timestamp": "2025-07-22 15:58:17.287238", "symbol": "ANEB", "side": "bid", "price": 1.8099999999999998, "size": 5, "depth_level": 9, "operation": "update"}
{"timestamp": "2025-07-22 15:58:17.287238", "symbol": "ANEB", "side": "ask", "price": 1.96, "size": 240, "depth_level": 1, "operation": "update"}
{"timestamp": "2025-07-22 15:58:17.287238", "symbol": "ANEB", "side": "ask", "price": 1.97, "size": 204, "depth_level": 2, "operation": "update"}
{"timestamp": "2025-07-22 15:58:17.287238", "symbol": "ANEB", "side": "ask", "price": 1.98, "size": 225, "depth_level": 3, "operation": "update"}
{"timestamp": "2025-07-22 15:58:17.287238", "symbol": "ANEB", "side": "ask", "price": 1.99, "size": 142, "depth_level": 4, "operation": "update"}
{"timestamp": "2025-07-22 15:58:17.287238", "symbol": "ANEB", "side": "ask", "price": 2.0, "size": 50, "depth_level": 5, "operation": "update"}
{"timestamp": "2025-07-22 15:58:17.287238", "symbol": "ANEB", "side": "ask", "price": 2.01, "size": 25, "depth_level": 6, "operation": "update"}
{"timestamp": "2025-07-22 15:58:17.287238", "symbol": "ANEB", "side": "ask", "price": 2.02, "size": 8, "depth_level": 7, "operation": "update"}
{"timestamp": "2025-07-22 15:58:17.287238", "symbol": "ANEB", "side": "ask", "price": 2.03, "size": 8, "depth_level": 8, "operation": "update"}
{"timestamp": "2025-07-22 15:58:17.286799", "symbol": "ANEB", "side": "ask", "price": 1.95, "size": 0, "depth_level": 0, "operation": "delete"}
{"timestamp": "2025-07-22 15:58:17.286799", "symbol": "ANEB", "side": "bid", "price": 1.9, "size": 58.0, "depth_level": 0, "operation": "update"}
{"timestamp": "2025-07-22 15:58:17.286799", "symbol": "ANEB", "side": "bid", "price": 1.89, "size": 267, "depth_level": 1, "operation": "update"}
{"timestamp": "2025-07-22 15:58:17.286799", "symbol": "ANEB", "side": "bid", "price": 1.88, "size": 278, "depth_level": 2, "operation": "update"}
{"timestamp": "2025-07-22 15:58:17.286799", "symbol": "ANEB", "side": "bid", "price": 1.8699999999999999, "size": 225, "depth_level": 3, "operation": "update"}
{"timestamp": "2025-07-22 15:58:17.286799", "symbol": "ANEB", "side": "bid", "price": 1.8599999999999999, "size": 144, "depth_level": 4, "operation": "update"}
{"timestamp": "2025-07-22 15:58:17.286799", "symbol": "ANEB", "side": "bid", "price": 1.8499999999999999, "size": 44, "depth_level": 5, "operation": "update"}
{"timestamp": "2025-07-22 15:58:17.286799", "symbol": "ANEB", "side": "bid", "price": 1.8399999999999999, "size": 34, "depth_level": 6, "operation": "update"}
{"timestamp": "2025-07-22 15:58:17.286799", "symbol": "ANEB", "side": "ask", "price": 1.96, "size": 336, "depth_level": 1, "operation": "update"}
{"timestamp": "2025-07-22 15:58:17.286799", "symbol": "ANEB", "side": "ask", "price": 1.97, "size": 236, "depth_level": 2, "operation": "update"}
{"timestamp": "2025-07-22 15:58:17.286799", "symbol": "ANEB", "side": "ask", "price": 1.98, "size": 196, "depth_level": 3, "operation": "update"}
{"timestamp": "2025-07-22 15:58:17.286799", "symbol": "ANEB", "side": "ask", "price": 1.99, "size": 131, "depth_level": 4, "operation": "update"}
{"timestamp": "2025-07-22 15:58:17.286799", "symbol": "ANEB", "side": "ask", "price": 2.0, "size": 43, "depth_level": 5, "operation": "update"}
{"timestamp": "2025-07-22 15:58:17.286799", "symbol": "ANEB", "side": "ask", "price": 2.01, "size": 33, "depth_level": 6, "operation": "update"}
{"timestamp": "2025-07-22 15:58:17.286799", "symbol": "ANEB", "side": "ask", "price": 2.02, "size": 11, "depth_level": 7, "operation": "update"}
{"timestamp": "2025-07-22 15:58:17.286351", "symbol": "ANEB", "side": "bid", "price": 1.9, "size": 68.0, "depth_level": 0, "operation": "update"}
{"timestamp": "2025-07-22 15:58:17.286351", "symbol": "ANEB", "side": "bid", "price": 1.89, "size": 330, "depth_level": 1, "operation": "update"}
{"timestamp": "2025-07-22 15:58:17.286351", "symbol": "ANEB", "side": "bid", "price": 1.88, "size": 254, "depth_level": 2, "operation": "update"}
{"timestamp": "2025-07-22 15:58:17.286351", "symbol": "ANEB", "side": "bid", "price": 1.8699999999999999, "size": 182, "depth_level": 3, "operation": "update"}
{"timestamp": "2025-07-22 15:58:17.286351", "symbol": "ANEB", "side": "bid", "price": 1.8599999999999999, "size": 142, "depth_level": 4, "operation": "update"}
{"timestamp": "2025-07-22 15:58:17.286351", "symbol": "ANEB", "side": "bid", "price": 1.8499999999999999, "size": 58, "depth_level": 5, "operation": "update"}
{"timestamp": "2025-07-22 15:58:17.286351", "symbol": "ANEB", "side": "bid", "price": 1.8399999999999999, "size": 35, "depth_level": 6, "operation": "update"}
{"timestamp": "2025-07-22 15:58:17.286351", "symbol": "ANEB", "side": "bid", "price": 1.8299999999999998, "size": 10, "depth_level": 7, "operation": "update"}
{"timestamp": "2025-07-22 15:58:17.286351", "symbol": "ANEB", "side": "bid", "price": 1.8199999999999998, "size": 9, "depth_level": 8, "operation": "update"}
{"timestamp": "2025-07-22 15:58:17.286351", "symbol": "ANEB", "side": "ask", "price": 1.96, "size": 330, "depth_level": 1, "operation": "update"}
{"timestamp": "2025-07-22 15:58:17.286351", "symbol": "ANEB", "side": "ask", "price": 1.97, "size": 283, "depth_level": 2, "operation": "update"}
{"timestamp": "2025-07-22 15:58:17.286351", "symbol": "ANEB", "side": "ask", "price": 1.98, "size": 197, "depth_level": 3, "operation": "update"}
{"timestamp": "2025-07-22 15:58:17.286351", "symbol": "ANEB", "side": "ask", "price": 1.99, "size": 120, "depth_level": 4, "operation": "update"}
{"timestamp": "2025-07-22 15:58:17.286351", "symbol": "ANEB", "side": "ask", "price": 2.0, "size": 47, "depth_level": 5, "operation": "update"}
{"timestamp": "2025-07-22 15:58:17.286351", "symbol": "ANEB", "side": "ask", "price": 2.01, "size": 35, "depth_level": 6, "operation": "update"}
{"timestamp": "2025-07-22 15:58:17.286351", "symbol": "ANEB", "side": "ask", "price": 2.02, "size": 8, "depth_level": 7, "operation": "update"}
{"timestamp": "2025-07-22 15:58:17.286351", "symbol": "ANEB", "side": "ask", "price": 2.03, "size": 10, "depth_level": 8, "operation": "update"}
{"timestamp": "2025-07-22 15:58:17.286351", "symbol": "ANEB", "side": "ask", "price": 2.04, "size": 5, "depth_level": 9, "operation": "update"}
{"timestamp": "2025-07-22 15:58:17.286347", "symbol": "ANEB", "side": "bid", "price": 1.9, "size": 79.5, "depth_level": 0, "operation": "update"}
{"timestamp": "2025-07-22 15:58:17.286347", "symbol": "ANEB", "side": "bid", "price": 1.89, "size": 337, "depth_level": 1, "operation": "update"}
{"timestamp": "2025-07-22 15:58:17.286347", "symbol": "ANEB", "side": "bid", "price": 1.88, "size": 220, "depth_level": 2, "operation": "update"}
{"timestamp": "2025-07-22 15:58:17.286347", "symbol": "ANEB", "side": "bid", "price": 1.8699999999999999, "size": 163, "depth_level": 3, "operation": "update"}
{"timestamp": "2025-07-22 15:58:17.286347", "symbol": "ANEB", "side": "bid", "price": 1.8599999999999999, "size": 130, "depth_level": 4, "operation": "update"}
{"timestamp": "2025-07-22 15:58:17.286347", "symbol": "ANEB", "side": "bid", "price": 1.8499999999999999, "size": 41, "depth_level": 5, "operation": "update"}
{"timestamp": "2025-07-22 15:58:17.286347", "symbol": "ANEB", "side": "bid", "price": 1.8399999999999999, "size": 32, "depth_level": 6, "operation": "update"}
{"timestamp": "2025-07-22 15:58:17.286347", "symbol": "ANEB", "side": "bid", "price": 1.8299999999999998, "size": 11, "depth_level": 7, "operation": "update"}
{"timestamp": "2025-07-22 15:58:17.286347", "symbol": "ANEB", "side": "bid", "price": 1.8099999999999998, "size": 4, "depth_level": 9, "operation": "update"}
{"timestamp": "2025-07-22 15:58:17.286347", "symbol": "ANEB", "side": "ask", "price": 1.96, "size": 325, "depth_level": 1, "operation": "update"}
{"timestamp": "2025-07-22 15:58:17.286347", "symbol": "ANEB", "side": "ask", "price": 1.97, "size": 222, "depth_level": 2, "operation": "update"}
{"timestamp": "2025-07-22 15:58:17.286347", "symbol": "ANEB", "side": "ask", "price": 1.98, "size": 168, "depth_level": 3, "operation": "update"}
{"timestamp": "2025-07-22 15:58:17.286347", "symbol": "ANEB", "side": "ask", "price": 1.99, "size": 152, "depth_level": 4, "operation": "update"}
{"timestamp": "2025-07-22 15:58:17.286347", "symbol": "ANEB", "side": "ask", "price": 2.0, "size": 41, "depth_level": 5, "operation": "update"}
{"timestamp": "2025-07-22 15:58:17.286347", "symbol": "ANEB", "side": "ask", "price": 2.01, "size": 27, "depth_level": 6, "operation": "update"}
{"timestamp": "2025-07-22 15:58:17.286347", "symbol": "ANEB", "side": "ask", "price": 2.02, "size": 11, "depth_level": 7, "operation": "update"}
{"timestamp": "2025-07-22 15:58:17.286347", "symbol": "ANEB", "side": "ask", "price": 2.03, "size": 9, "depth_level": 8, "operation": "update"}
{"timestamp": "2025-07-22 15:58:17.286347", "symbol": "ANEB", "side": "ask", "price": 2.04, "size": 4, "depth_level": 9, "operation": "update"}
{"timestamp": "2025-07-22 15:58:17.286347", "symbol": "ANEB", "side": "bid", "price": 1.9, "size": 84.0, "depth_level": 0, "operation": "update"}
{"timestamp": "2025-07-22 15:58:17.286347", "symbol": "ANEB", "side": "bid", "price": 1.89, "size": 300, "depth_level": 1, "operation": "update"}
{"timestamp": "2025-07-22 15:58:17.286347", "symbol": "ANEB", "side": "bid", "price": 1.88, "size": 215, "depth_level": 2, "operation": "update"}
{"timestamp": "2025-07-22 15:58:17.286347", "symbol": "ANEB", "side": "bid", "price": 1.8699999999999999, "size": 205, "depth_level": 3, "operation": "update"}
{"timestamp": "2025-07-22 15:58:17.286347", "symbol": "ANEB", "side": "bid", "price": 1.8599999999999999, "size": 162, "depth_level": 4, "operation": "update"}
{"timestamp": "2025-07-22 15:58:17.286347", "symbol": "ANEB", "side": "bid", "price": 1.8499999999999999, "size": 50, "depth_level": 5, "operation": "update"}
{"timestamp": "2025-07-22 15:58:17.286347", "symbol": "ANEB", "side": "bid", "price": 1.8399999999999999, "size": 34, "depth_level": 6, "operation": "update"}
{"timestamp": "2025-07-22 15:58:17.286347", "symbol": "ANEB", "side": "bid", "price": 1.8299999999999998, "size": 10, "depth_level": 7, "operation": "update"}
{"timestamp": "2025-07-22 15:58:17.286347", "symbol": "ANEB", "side": "bid", "price": 1.8199999999999998, "size": 10, "depth_level": 8, "operation": "update"}
{"timestamp": "2025-07-22 15:58:17.286347", "symbol": "ANEB", "side": "ask", "price": 1.96, "size": 268, "depth_level": 1, "operation": "update"}
{"timestamp": "2025-07-22 15:58:17.286347", "symbol": "ANEB", "side": "ask", "price": 1.97, "size": 246, "depth_level": 2, "operation": "update"}
{"timestamp": "2025-07-22 15:58:17.286347", "symbol": "ANEB", "side": "ask", "price": 1.98, "size": 208, "depth_level": 3, "operation": "update"}
{"timestamp": "2025-07-22 15:58:17.286347", "symbol": "ANEB", "side": "ask", "price": 1.99, "size": 170, "depth_level": 4, "operation": "update"}
{"timestamp": "2025-07-22 15:58:17.286347", "symbol": "ANEB", "side": "ask", "price": 2.0, "size": 55, "depth_level": 5, "operation": "update"}
{"timestamp": "2025-07-22 15:58:17.286347", "symbol": "ANEB", "side": "ask", "price": 2.01, "size": 33, "depth_level": 6, "operation": "update"}
{"timestamp": "2025-07-22 15:58:17.286347", "symbol": "ANEB", "side": "ask", "price": 2.02, "size": 10, "depth_level": 7, "operation": "update"}
{"timestamp": "2025-07-22 15:58:17.286347", "symbol": "ANEB", "side": "ask", "price": 2.03, "size": 10, "depth_level": 8, "operation": "update"}
{"timestamp": "2025-07-22 15:58:17.286332", "symbol": "ANEB", "side": "bid", "price": 1.9, "size": 114.5, "depth_level": 0, "operation": "update"}
{"timestamp": "2025-07-22 15:58:17.286332", "symbol": "ANEB", "side": "bid", "price": 1.89, "size": 335, "depth_level": 1, "operation": "update"}
{"timestamp": "2025-07-22 15:58:17.286332", "symbol": "ANEB", "side": "bid", "price": 1.88, "size": 253, "depth_level": 2, "operation": "update"}
{"timestamp": "2025-07-22 15:58:17.286332", "symbol": "ANEB", "side": "bid", "price": 1.8699999999999999, "size": 163, "depth_level": 3, "operation": "update"}
{"timestamp": "2025-07-22 15:58:17.286332", "symbol": "ANEB", "side": "bid", "price": 1.8599999999999999, "size": 161, "depth_level": 4, "operation": "update"}
{"timestamp": "2025-07-22 15:58:17.286332", "symbol": "ANEB", "side": "bid", "price": 1.8499999999999999, "size": 55, "depth_level": 5, "operation": "update"}
{"timestamp": "2025-07-22 15:58:17.286332", "symbol": "ANEB", "side": "bid", "price": 1.8399999999999999, "size": 28, "depth_level": 6, "operation": "update"}
{"timestamp": "2025-07-22 15:58:17.286332", "symbol": "ANEB", "side": "bid", "price": 1.8299999999999998, "size": 11, "depth_level": 7, "operation": "update"}
{"timestamp": "2025-07-22 15:58:17.286332", "symbol": "ANEB", "side": "bid", "price": 1.8199999999999998, "size": 8, "depth_level": 8, "operation": "update"}
{"timestamp": "2025-07-22 15:58:17.286332", "symbol": "ANEB", "side": "bid", "price": 1.8099999999999998, "size": 5, "depth_level": 9, "operation": "update"}
{"timestamp": "2025-07-22 15:58:17.286332", "symbol": "ANEB", "side": "ask", "price": 1.96, "size": 323, "depth_level": 1, "operation": "update"}
{"timestamp": "2025-07-22 15:58:17.286332", "symbol": "ANEB", "side": "ask", "price": 1.97, "size": 282, "depth_level": 2, "operation": "update"}
{"timestamp": "2025-07-22 15:58:17.286332", "symbol": "ANEB", "side": "ask", "price": 1.98, "size": 181, "depth_level": 3, "operation": "update"}
{"timestamp": "2025-07-22 15:58:17.286332", "symbol": "ANEB", "side": "ask", "price": 1.99, "size": 136, "depth_level": 4, "operation": "update"}
{"timestamp": "2025-07-22 15:58:17.286332", "symbol": "ANEB", "side": "ask", "price": 2.0, "size": 59, "depth_level": 5, "operation": "update"}
{"timestamp": "2025-07-22 15:58:17.286332", "symbol": "ANEB", "side": "ask", "price": 2.01, "size": 35, "depth_level": 6, "operation": "update"}
{"timestamp": "2025-07-22 15:58:17.286332", "symbol": "ANEB", "side": "ask", "price": 2.02, "size": 8, "depth_level": 7, "operation": "update"}
{"timestamp": "2025-07-22 15:58:17.286332", "symbol": "ANEB", "side": "ask", "price": 2.03, "size": 9, "depth_level": 8, "operation": "update"}
{"timestamp": "2025-07-22 15:58:17.276764", "symbol": "ANEB", "side": "bid", "price": 1.9, "size": 30.0, "depth_level": 0, "operation": "update"}
{"timestamp": "2025-07-22 15:58:17.276764", "symbol": "ANEB", "side": "ask", "price": 1.95, "size": 30.0, "depth_level": 0, "operation": "update"}
{"timestamp": "2025-07-22 15:58:17.276764", "symbol": "ANEB", "side": "bid", "price": 1.89, "size": 344, "depth_level": 1, "operation": "update"}
{"timestamp": "2025-07-22 15:58:17.276764", "symbol": "ANEB", "side": "bid", "price": 1.88, "size": 229, "depth_level": 2, "operation": "update"}
{"timestamp": "2025-07-22 15:58:17.276764", "symbol": "ANEB", "side": "bid", "price": 1.8699999999999999, "size": 162, "depth_level": 3, "operation": "update"}
{"timestamp": "2025-07-22 15:58:17.276764", "symbol": "ANEB", "side": "bid", "price": 1.8599999999999999, "size": 124, "depth_level": 4, "operation": "update"}
{"timestamp": "2025-07-22 15:58:17.276764", "symbol": "ANEB", "side": "bid", "price": 1.8499999999999999, "size": 41, "depth_level": 5, "operation": "update"}
{"timestamp": "2025-07-22 15:58:17.276764", "symbol": "ANEB", "side": "bid", "price": 1.8399999999999999, "size": 35, "depth_level": 6, "operation": "update"}
{"timestamp": "2025-07-22 15:58:17.276764", "symbol": "ANEB", "side": "bid", "price": 1.8299999999999998, "size": 8, "depth_level": 7, "operation": "update"}
{"timestamp": "2025-07-22 15:58:17.276764", "symbol": "ANEB", "side": "bid", "price": 1.8099999999999998, "size": 4, "depth_level": 9, "operation": "update"}
{"timestamp": "2025-07-22 15:58:17.276764", "symbol": "ANEB", "side": "ask", "price": 1.96, "size": 346, "depth_level": 1, "operation": "update"}
{"timestamp": "2025-07-22 15:58:17.276764", "symbol": "ANEB", "side": "ask", "price": 1.97, "size": 272, "depth_level": 2, "operation": "update"}
{"timestamp": "2025-07-22 15:58:17.276764", "symbol": "ANEB", "side": "ask", "price": 1.98, "size": 174, "depth_level": 3, "operation": "update"}
{"timestamp": "2025-07-22 15:58:17.276764", "symbol": "ANEB", "side": "ask", "price": 1.99, "size": 168, "depth_level": 4, "operation": "update"}
{"timestamp": "2025-07-22 15:58:17.276764", "symbol": "ANEB", "side": "ask", "price": 2.0, "size": 43, "depth_level": 5, "operation": "update"}
{"timestamp": "2025-07-22 15:58:17.276764", "symbol": "ANEB", "side": "ask", "price": 2.01, "size": 32, "depth_level": 6, "operation": "update"}
{"timestamp": "2025-07-22 15:58:17.276764", "symbol": "ANEB", "side": "ask", "price": 2.02, "size": 9, "depth_level": 7, "operation": "update"}
{"timestamp": "2025-07-22 15:58:17.269589", "symbol": "ANEB", "side": "bid", "price": 1.9, "size": 0, "depth_level": 0, "operation": "delete"}
{"timestamp": "2025-07-22 15:58:17.269589", "symbol": "ANEB", "side": "ask", "price": 1.95, "size": 130.0, "depth_level": 0, "operation": "update"}
{"timestamp": "2025-07-22 15:58:17.269589", "symbol": "ANEB", "side": "bid", "price": 1.89, "size": 299, "depth_level": 1, "operation": "update"}
{"timestamp": "2025-07-22 15:58:17.269589", "symbol": "ANEB", "side": "bid", "price": 1.88, "size": 258, "depth_level": 2, "operation": "update"}
{"timestamp": "2025-07-22 15:58:17.269589", "symbol": "ANEB", "side": "bid", "price": 1.8699999999999999, "size": 194, "depth_level": 3, "operation": "update"}
{"timestamp": "2025-07-22 15:58:17.269589", "symbol": "ANEB", "side": "bid", "price": 1.8599999999999999, "size": 139, "depth_level": 4, "operation": "update"}
{"timestamp": "2025-07-22 15:58:17.269589", "symbol": "ANEB", "side": "bid", "price": 1.8499999999999999, "size": 42, "depth_level": 5, "operation": "update"}
{"timestamp": "2025-07-22 15:58:17.269589", "symbol": "ANEB", "side": "bid", "price": 1.8399999999999999, "size": 34, "depth_level": 6, "operation": "update"}
{"timestamp": "2025-07-22 15:58:17.269589", "symbol": "ANEB", "side": "bid", "price": 1.8299999999999998, "size": 11, "depth_level": 7, "operation": "update"}
{"timestamp": "2025-07-22 15:58:17.269589", "symbol": "ANEB", "side": "bid", "price": 1.8199999999999998, "size": 9, "depth_level": 8, "operation": "update"}
{"timestamp": "2025-07-22 15:58:17.269589", "symbol": "ANEB", "side": "bid", "price": 1.8099999999999998, "size": 5, "depth_level": 9, "operation": "update"}
{"timestamp": "2025-07-22 15:58:17.269589", "symbol": "ANEB", "side": "ask", "price": 1.96, "size": 291, "depth_level": 1, "operation": "update"}
{"timestamp": "2025-07-22 15:58:17.269589", "symbol": "ANEB", "side": "ask", "price": 1.97, "size": 262, "depth_level": 2, "operation": "update"}
{"timestamp": "2025-07-22 15:58:17.269589", "symbol": "ANEB", "side": "ask", "price": 1.98, "size": 196, "depth_level": 3, "operation": "update"}
{"timestamp": "2025-07-22 15:58:17.269589", "symbol": "ANEB", "side": "ask", "price": 1.99, "size": 158, "depth_level": 4, "operation": "update"}
{"timestamp": "2025-07-22 15:58:17.269589", "symbol": "ANEB", "side": "ask", "price": 2.01, "size": 35, "depth_level": 6, "operation": "update"}
{"timestamp": "2025-07-22 15:58:17.269589", "symbol": "ANEB", "side": "ask", "price": 2.02, "size": 10, "depth_level": 7, "operation": "update"}
{"timestamp": "2025-07-22 15:58:17.269589", "symbol": "ANEB", "side": "ask", "price": 2.04, "size": 5, "depth_level": 9, "operation": "update"}
{"timestamp": "2025-07-22 15:58:17.269471", "symbol": "ANEB", "side": "ask", "price": 1.95, "size": 230.0, "depth_level": 0, "operation": "update"}
{"timestamp": "2025-07-22 15:58:17.269471", "symbol": "ANEB", "side": "bid", "price": 1.89, "size": 357, "depth_level": 1, "operation": "update"}
{"timestamp": "2025-07-22 15:58:17.269471", "symbol": "ANEB", "side": "bid", "price": 1.88, "size": 222, "depth_level": 2, "operation": "update"}
{"timestamp": "2025-07-22 15:58:17.269471", "symbol": "ANEB", "side": "bid", "price": 1.8699999999999999, "size": 187, "depth_level": 3, "operation": "update"}
{"timestamp": "2025-07-22 15:58:17.269471", "symbol": "ANEB", "side": "bid", "price": 1.8599999999999999, "size": 163, "depth_level": 4, "operation": "update"}
{"timestamp": "2025-07-22 15:58:17.269471", "symbol": "ANEB", "side": "bid", "price": 1.8499999999999999, "size": 59, "depth_level": 5, "operation": "update"}
{"timestamp": "2025-07-22 15:58:17.269471", "symbol": "ANEB", "side": "bid", "price": 1.8299999999999998, "size": 9, "depth_level": 7, "operation": "update"}
{"timestamp": "2025-07-22 15:58:17.269471", "symbol": "ANEB", "side": "bid", "price": 1.8199999999999998, "size": 11, "depth_level": 8, "operation": "update"}
{"timestamp": "2025-07-22 15:58:17.269471", "symbol": "ANEB", "side": "bid", "price": 1.8099999999999998, "size": 4, "depth_level": 9, "operation": "update"}
{"timestamp": "2025-07-22 15:58:17.269471", "symbol": "ANEB", "side": "ask", "price": 1.96, "size": 307, "depth_level": 1, "operation": "update"}
{"timestamp": "2025-07-22 15:58:17.269471", "symbol": "ANEB", "side": "ask", "price": 1.97, "size": 237, "depth_level": 2, "operation": "update"}
{"timestamp": "2025-07-22 15:58:17.269471", "symbol": "ANEB", "side": "ask", "price": 1.98, "size": 189, "depth_level": 3, "operation": "update"}
{"timestamp": "2025-07-22 15:58:17.269471", "symbol": "ANEB", "side": "ask", "price": 1.99, "size": 133, "depth_level": 4, "operation": "update"}
{"timestamp": "2025-07-22 15:58:17.269471", "symbol": "ANEB", "side": "ask", "price": 2.0, "size": 46, "depth_level": 5, "operation": "update"}
{"timestamp": "2025-07-22 15:58:17.269471", "symbol": "ANEB", "side": "ask", "price": 2.01, "size": 27, "depth_level": 6, "operation": "update"}
{"timestamp": "2025-07-22 15:58:17.269471", "symbol": "ANEB", "side": "ask", "price": 2.02, "size": 8, "depth_level": 7, "operation": "update"}
{"timestamp": "2025-07-22 15:58:17.269471", "symbol": "ANEB", "side": "ask", "price": 2.03, "size": 11, "depth_level": 8, "operation": "update"}
{"timestamp": "2025-07-22 15:58:17.269471", "symbol": "ANEB", "side": "ask", "price": 1.95, "size": 15680, "depth_level": 0, "operation": "update"}
{"timestamp": "2025-07-22 15:58:17.269216", "symbol": "ANEB", "side": "ask", "price": 1.95, "size": 415.5, "depth_level": 0, "operation": "update"}
{"timestamp": "2025-07-22 15:58:17.269216", "symbol": "ANEB", "side": "bid", "price": 1.89, "size": 241, "depth_level": 1, "operation": "update"}
{"timestamp": "2025-07-22 15:58:17.269216", "symbol": "ANEB", "side": "bid", "price": 1.88, "size": 208, "depth_level": 2, "operation": "update"}
{"timestamp": "2025-07-22 15:58:17.269216", "symbol": "ANEB", "side": "bid", "price": 1.8699999999999999, "size": 191, "depth_level": 3, "operation": "update"}
{"timestamp": "2025-07-22 15:58:17.269216", "symbol": "ANEB", "side": "bid", "price": 1.8599999999999999, "size": 122, "depth_level": 4, "operation": "update"}
{"timestamp": "2025-07-22 15:58:17.269216", "symbol": "ANEB", "side": "bid", "price": 1.8499999999999999, "size": 45, "depth_level": 5, "operation": "update"}
{"timestamp": "2025-07-22 15:58:17.269216", "symbol": "ANEB", "side": "bid", "price": 1.8399999999999999, "size": 30, "depth_level": 6, "operation": "update"}
{"timestamp": "2025-07-22 15:58:17.269216", "symbol": "ANEB", "side": "bid", "price": 1.8299999999999998, "size": 10, "depth_level": 7, "operation": "update"}
{"timestamp": "2025-07-22 15:58:17.269216", "symbol": "ANEB", "side": "ask", "price": 1.96, "size": 282, "depth_level": 1, "operation": "update"}
{"timestamp": "2025-07-22 15:58:17.269216", "symbol": "ANEB", "side": "ask", "price": 1.97, "size": 230, "depth_level": 2, "operation": "update"}
{"timestamp": "2025-07-22 15:58:17.269216", "symbol": "ANEB", "side": "ask", "price": 1.98, "size": 203, "depth_level": 3, "operation": "update"}
{"timestamp": "2025-07-22 15:58:17.269216", "symbol": "ANEB", "side": "ask", "price": 1.99, "size": 178, "depth_level": 4, "operation": "update"}
{"timestamp": "2025-07-22 15:58:17.269216", "symbol": "ANEB", "side": "ask", "price": 2.0, "size": 45, "depth_level": 5, "operation": "update"}
{"timestamp": "2025-07-22 15:58:17.269216", "symbol": "ANEB", "side": "ask", "price": 2.01, "size": 33, "depth_level": 6, "operation": "update"}
{"timestamp": "2025-07-22 15:58:17.269216", "symbol": "ANEB", "side": "ask", "price": 2.02, "size": 11, "depth_level": 7, "operation": "update"}
{"timestamp": "2025-07-22 15:58:17.269216", "symbol": "ANEB", "side": "ask", "price": 2.03, "size": 9, "depth_level": 8, "operation": "update"}
{"timestamp": "2025-07-22 15:58:17.269216", "symbol": "ANEB", "side": "ask", "price": 2.04, "size": 4, "depth_level": 9, "operation": "update"}
{"timestamp": "2025-07-22 15:58:17.269089", "symbol": "ANEB", "side": "bid", "price": 1.9, "size": 30.0, "depth_level": 0, "operation": "update"}
{"timestamp": "2025-07-22 15:58:17.269089", "symbol": "ANEB", "side": "ask", "price": 1.95, "size": 30.0, "depth_level": 0, "operation": "update"}
{"timestamp": "2025-07-22 15:58:17.269089", "symbol": "ANEB", "side": "bid", "price": 1.89, "size": 328, "depth_level": 1, "operation": "update"}
{"timestamp": "2025-07-22 15:58:17.269089", "symbol": "ANEB", "side": "bid", "price": 1.88, "size": 260, "depth_level": 2, "operation": "update"}
{"timestamp": "2025-07-22 15:58:17.269089", "symbol": "ANEB", "side": "bid", "price": 1.8699999999999999, "size": 213, "depth_level": 3, "operation": "update"}
{"timestamp": "2025-07-22 15:58:17.269089", "symbol": "ANEB", "side": "bid", "price": 1.8599999999999999, "size": 168, "depth_level": 4, "operation": "update"}
{"timestamp": "2025-07-22 15:58:17.269089", "symbol": "ANEB", "side": "bid", "price": 1.8499999999999999, "size": 43, "depth_level": 5, "operation": "update"}
{"timestamp": "2025-07-22 15:58:17.269089", "symbol": "ANEB", "side": "bid", "price": 1.8399999999999999, "size": 29, "depth_level": 6, "operation": "update"}
{"timestamp": "2025-07-22 15:58:17.269089", "symbol": "ANEB", "side": "bid", "price": 1.8299999999999998, "size": 8, "depth_level": 7, "operation": "update"}
{"timestamp": "2025-07-22 15:58:17.269089", "symbol": "ANEB", "side": "bid", "price": 1.8099999999999998, "size": 5, "depth_level": 9, "operation": "update"}
{"timestamp": "2025-07-22 15:58:17.269089", "symbol": "ANEB", "side": "ask", "price": 1.96, "size": 311, "depth_level": 1, "operation": "update"}
{"timestamp": "2025-07-22 15:58:17.269089", "symbol": "ANEB", "side": "ask", "price": 1.97, "size": 221, "depth_level": 2, "operation": "update"}
{"timestamp": "2025-07-22 15:58:17.269089", "symbol": "ANEB", "side": "ask", "price": 1.98, "size": 221, "depth_level": 3, "operation": "update"}
{"timestamp": "2025-07-22 15:58:17.269089", "symbol": "ANEB", "side": "ask", "price": 1.99, "size": 166, "depth_level": 4, "operation": "update"}
{"timestamp": "2025-07-22 15:58:17.269089", "symbol": "ANEB", "side": "ask", "price": 2.0, "size": 56, "depth_level": 5, "operation": "update"}
{"timestamp": "2025-07-22 15:58:17.269089", "symbol": "ANEB", "side": "ask", "price": 2.01, "size": 27, "depth_level": 6, "operation": "update"}
{"timestamp": "2025-07-22 15:58:17.269089", "symbol": "ANEB", "side": "ask", "price": 2.02, "size": 9, "depth_level": 7, "operation": "update"}
{"timestamp": "2025-07-22 15:58:17.269089", "symbol": "ANEB", "side": "ask", "price": 2.03, "size": 11, "depth_level": 8, "operation": "update"}
{"timestamp": "2025-07-22 15:58:17.269089", "symbol": "ANEB", "side": "ask", "price": 2.04, "size": 5, "depth_level": 9, "operation": "update"}
{"timestamp": "2025-07-22 15:58:17.268910", "symbol": "ANEB", "side": "bid", "price": 1.9, "size": 0, "depth_level": 0, "operation": "delete"}
{"timestamp": "2025-07-22 15:58:17.268910", "symbol": "ANEB", "side": "ask", "price": 1.95, "size": 130.0, "depth_level": 0, "operation": "update"}
{"timestamp": "2025-07-22 15:58:17.268910", "symbol": "ANEB", "side": "bid", "price": 1.89, "size": 304, "depth_level": 1, "operation": "update"}
{"timestamp": "2025-07-22 15:58:17.268910", "symbol": "ANEB", "side": "bid", "price": 1.88, "size": 283, "depth_level": 2, "operation": "update"}
{"timestamp": "2025-07-22 15:58:17.268910", "symbol": "ANEB", "side": "bid", "price": 1.8699999999999999, "size": 206, "depth_level": 3, "operation": "update"}
{"timestamp": "2025-07-22 15:58:17.268910", "symbol": "ANEB", "side": "bid", "price": 1.8599999999999999, "size": 154, "depth_level": 4, "operation": "update"}
{"timestamp": "2025-07-22 15:58:17.268910", "symbol": "ANEB", "side": "bid", "price": 1.8499999999999999, "size": 57, "depth_level": 5, "operation": "update"}
{"timestamp": "2025-07-22 15:58:17.268910", "symbol": "ANEB", "side": "bid", "price": 1.8399999999999999, "size": 30, "depth_level": 6, "operation": "update"}
{"timestamp": "2025-07-22 15:58:17.268910", "symbol": "ANEB", "side": "ask", "price": 1.96, "size": 286, "depth_level": 1, "operation": "update"}
{"timestamp": "2025-07-22 15:58:17.268910", "symbol": "ANEB", "side": "ask", "price": 1.97, "size": 260, "depth_level": 2, "operation": "update"}
{"timestamp": "2025-07-22 15:58:17.268910", "symbol": "ANEB", "side": "ask", "price": 1.98, "size": 208, "depth_level": 3, "operation": "update"}
{"timestamp": "2025-07-22 15:58:17.268910", "symbol": "ANEB", "side": "ask", "price": 1.99, "size": 120, "depth_level": 4, "operation": "update"}
{"timestamp": "2025-07-22 15:58:17.268910", "symbol": "ANEB", "side": "ask", "price": 2.0, "size": 53, "depth_level": 5, "operation": "update"}
{"timestamp": "2025-07-22 15:58:17.268910", "symbol": "ANEB", "side": "ask", "price": 2.01, "size": 31, "depth_level": 6, "operation": "update"}
{"timestamp": "2025-07-22 15:58:17.268910", "symbol": "ANEB", "side": "ask", "price": 2.02, "size": 11, "depth_level": 7, "operation": "update"}
{"timestamp": "2025-07-22 15:58:17.268910", "symbol": "ANEB", "side": "ask", "price": 2.03, "size": 8, "depth_level": 8, "operation": "update"}
{"timestamp": "2025-07-22 15:58:17.268910", "symbol": "ANEB", "side": "ask", "price": 2.04, "size": 4, "depth_level": 9, "operation": "update"}
{"timestamp": "2025-07-22 15:58:17.268672", "symbol": "ANEB", "side": "ask", "price": 1.95, "size": 230.0, "depth_level": 0, "operation": "update"}
{"timestamp": "2025-07-22 15:58:17.268672", "symbol": "ANEB", "side": "bid", "price": 1.89, "size": 274, "depth_level": 1, "operation": "update"}
{"timestamp": "2025-07-22 15:58:17.268672", "symbol": "ANEB", "side": "bid", "price": 1.88, "size": 226, "depth_level": 2, "operation": "update"}
{"timestamp": "2025-07-22 15:58:17.268672", "symbol": "ANEB", "side": "bid", "price": 1.8699999999999999, "size": 181, "depth_level": 3, "operation": "update"}
{"timestamp": "2025-07-22 15:58:17.268672", "symbol": "ANEB", "side": "bid", "price": 1.8599999999999999, "size": 129, "depth_level": 4, "operation": "update"}
{"timestamp": "2025-07-22 15:58:17.268672", "symbol": "ANEB", "side": "bid", "price": 1.8499999999999999, "size": 44, "depth_level": 5, "operation": "update"}
{"timestamp": "2025-07-22 15:58:17.268672", "symbol": "ANEB", "side": "bid", "price": 1.8399999999999999, "size": 32, "depth_level": 6, "operation": "update"}
{"timestamp": "2025-07-22 15:58:17.268672", "symbol": "ANEB", "side": "bid", "price": 1.8299999999999998, "size": 9, "depth_level": 7, "operation": "update"}
{"timestamp": "2025-07-22 15:58:17.268672", "symbol": "ANEB", "side": "bid", "price": 1.8099999999999998, "size": 4, "depth_level": 9, "operation": "update"}
{"timestamp": "2025-07-22 15:58:17.268672", "symbol": "ANEB", "side": "ask", "price": 1.96, "size": 256, "depth_level": 1, "operation": "update"}
{"timestamp": "2025-07-22 15:58:17.268672", "symbol": "ANEB", "side": "ask", "price": 1.97, "size": 279, "depth_level": 2, "operation": "update"}
{"timestamp": "2025-07-22 15:58:17.268672", "symbol": "ANEB", "side": "ask", "price": 1.98, "size": 215, "depth_level": 3, "operation": "update"}
{"timestamp": "2025-07-22 15:58:17.268672", "symbol": "ANEB", "side": "ask", "price": 1.99, "size": 159, "depth_level": 4, "operation": "update"}
{"timestamp": "2025-07-22 15:58:17.268672", "symbol": "ANEB", "side": "ask", "price": 2.01, "size": 24, "depth_level": 6, "operation": "update"}
{"timestamp": "2025-07-22 15:58:17.268672", "symbol": "ANEB", "side": "ask", "price": 2.02, "size": 10, "depth_level": 7, "operation": "update"}
{"timestamp": "2025-07-22 15:58:17.268672", "symbol": "ANEB", "side": "ask", "price": 2.03, "size": 11, "depth_level": 8, "operation": "update"}
{"timestamp": "2025-07-22 15:58:17.268672", "symbol": "ANEB", "side": "ask", "price": 2.04, "size": 5, "depth_level": 9, "operation": "update"}
