[{"timestamp": "2025-07-22T01:23:54.420381", "bids": [[63.059, 562]], "asks": []}, {"timestamp": "2025-07-22T01:23:59.869258", "bids": [[63.059, 562], [58.63, 570]], "asks": []}, {"timestamp": "2025-07-22T01:24:05.685096", "bids": [[63.059, 562], [59.204, 683], [58.63, 570]], "asks": []}, {"timestamp": "2025-07-22T01:24:11.205020", "bids": [[63.059, 562], [59.204, 683], [58.63, 570], [56.91, 692]], "asks": []}, {"timestamp": "2025-07-22T01:24:16.591776", "bids": [[63.059, 562], [59.204, 683], [58.63, 570], [56.91, 692]], "asks": []}, {"timestamp": "2025-07-22T01:24:22.067907", "bids": [[63.059, 562], [59.204, 683], [58.63, 570], [56.91, 692], [56.044, 451]], "asks": []}, {"timestamp": "2025-07-22T01:24:27.563691", "bids": [[63.059, 562], [59.204, 683], [58.712, 394], [58.63, 570], [56.91, 692], [56.044, 451]], "asks": []}, {"timestamp": "2025-07-22T01:24:33.128490", "bids": [[63.059, 562], [59.204, 683], [58.712, 394], [58.63, 570], [58.407, 477], [56.91, 692], [56.044, 451]], "asks": []}, {"timestamp": "2025-07-22T01:24:38.709610", "bids": [[63.059, 562], [59.218, 538], [59.204, 683], [58.712, 394], [58.63, 570], [58.407, 477], [56.91, 692], [56.044, 451]], "asks": []}, {"timestamp": "2025-07-22T01:24:44.171401", "bids": [[63.059, 562], [59.218, 538], [59.204, 683], [58.712, 394], [58.686, 281], [58.63, 570], [58.407, 477], [56.91, 692], [56.044, 451]], "asks": []}, {"timestamp": "2025-07-22T01:24:49.544111", "bids": [[63.059, 562], [61.217, 819], [59.218, 538], [59.204, 683], [58.712, 394], [58.686, 281], [58.63, 570], [58.407, 477], [56.91, 692], [56.044, 451]], "asks": []}, {"timestamp": "2025-07-22T01:24:55.050061", "bids": [[63.059, 562], [61.217, 819], [59.218, 538], [59.204, 683], [58.712, 394], [58.686, 281], [58.63, 570], [58.407, 477], [57.882, 491], [56.91, 692]], "asks": []}, {"timestamp": "2025-07-22T01:25:00.595828", "bids": [[63.059, 562], [61.217, 819], [59.218, 538], [59.204, 683], [58.712, 394], [58.686, 281], [58.63, 570], [58.481, 494], [58.407, 477], [57.882, 491]], "asks": []}, {"timestamp": "2025-07-22T01:25:06.115690", "bids": [[63.059, 562], [61.217, 819], [59.218, 538], [59.204, 683], [58.712, 394], [58.686, 281], [58.63, 570], [58.481, 494], [58.407, 477], [57.882, 491]], "asks": []}, {"timestamp": "2025-07-22T01:25:11.615070", "bids": [[63.059, 562], [61.217, 819], [59.218, 538], [59.204, 683], [58.712, 394], [58.686, 281], [58.63, 570], [58.481, 494], [58.407, 477], [57.882, 491]], "asks": []}, {"timestamp": "2025-07-22T01:25:17.183768", "bids": [[63.059, 562], [61.217, 819], [59.218, 538], [59.204, 683], [58.712, 394], [58.686, 281], [58.63, 570], [58.481, 494], [58.407, 477], [57.882, 491]], "asks": []}, {"timestamp": "2025-07-22T01:25:22.734299", "bids": [[63.059, 562], [61.217, 819], [59.218, 538], [59.204, 683], [58.712, 394], [58.686, 281], [58.655, 694], [58.63, 570], [58.481, 494], [58.407, 477]], "asks": []}, {"timestamp": "2025-07-22T01:25:28.198545", "bids": [[63.059, 562], [61.217, 819], [59.218, 538], [59.204, 683], [58.712, 394], [58.686, 281], [58.655, 694], [58.63, 570], [58.569, 499], [58.481, 494]], "asks": []}, {"timestamp": "2025-07-22T01:25:33.699450", "bids": [[63.059, 562], [61.217, 819], [59.218, 538], [59.204, 683], [58.712, 394], [58.686, 281], [58.655, 694], [58.63, 570], [58.569, 499], [58.481, 494]], "asks": []}, {"timestamp": "2025-07-22T01:25:39.183379", "bids": [[63.059, 562], [61.217, 819], [59.218, 538], [59.204, 683], [58.712, 394], [58.686, 281], [58.655, 694], [58.63, 570], [58.569, 499], [58.481, 494]], "asks": []}, {"timestamp": "2025-07-22T01:25:44.782755", "bids": [[63.059, 562], [61.217, 819], [59.218, 538], [59.204, 683], [58.712, 394], [58.686, 281], [58.655, 694], [58.63, 570], [58.569, 499], [58.481, 494]], "asks": []}, {"timestamp": "2025-07-22T01:25:50.289523", "bids": [[63.059, 562], [61.217, 819], [59.218, 538], [59.204, 683], [58.712, 394], [58.686, 281], [58.655, 694], [58.63, 570], [58.569, 499], [58.481, 494]], "asks": []}, {"timestamp": "2025-07-22T01:25:55.808028", "bids": [[63.059, 562], [61.217, 819], [59.218, 538], [59.204, 683], [58.712, 394], [58.686, 281], [58.655, 694], [58.63, 570], [58.569, 499], [58.481, 494]], "asks": []}, {"timestamp": "2025-07-22T01:26:01.337708", "bids": [[63.059, 562], [61.217, 819], [59.218, 538], [59.204, 683], [58.712, 394], [58.686, 281], [58.655, 694], [58.63, 570], [58.569, 499], [58.481, 494]], "asks": []}, {"timestamp": "2025-07-22T01:26:06.790067", "bids": [[63.059, 562], [61.217, 819], [59.218, 538], [59.204, 683], [58.712, 394], [58.686, 281], [58.655, 694], [58.63, 570], [58.569, 499], [58.481, 494]], "asks": []}, {"timestamp": "2025-07-22T01:26:12.308060", "bids": [[63.059, 562], [61.217, 819], [59.218, 538], [59.204, 683], [58.712, 394], [58.686, 281], [58.655, 694], [58.63, 570], [58.569, 499], [58.481, 494]], "asks": []}, {"timestamp": "2025-07-22T01:26:17.742371", "bids": [[63.059, 562], [61.217, 819], [59.218, 538], [59.204, 683], [58.712, 394], [58.686, 281], [58.655, 694], [58.63, 570], [58.569, 499], [58.481, 494]], "asks": []}, {"timestamp": "2025-07-22T01:26:23.190965", "bids": [[63.059, 562], [61.217, 819], [59.218, 538], [59.204, 683], [58.712, 394], [58.686, 281], [58.655, 694], [58.63, 570], [58.569, 499], [58.481, 494]], "asks": []}, {"timestamp": "2025-07-22T01:26:28.668426", "bids": [[63.059, 562], [61.217, 819], [59.218, 538], [59.204, 683], [58.712, 394], [58.686, 281], [58.655, 694], [58.63, 570], [58.569, 499], [58.481, 494]], "asks": []}, {"timestamp": "2025-07-22T01:26:34.161388", "bids": [[63.059, 562], [61.217, 819], [59.218, 538], [59.204, 683], [58.712, 394], [58.686, 281], [58.655, 694], [58.63, 570], [58.569, 499], [58.481, 494]], "asks": []}, {"timestamp": "2025-07-22T01:26:39.751623", "bids": [[63.059, 562], [61.217, 819], [59.218, 538], [59.204, 683], [58.712, 394], [58.686, 281], [58.655, 694], [58.63, 570], [58.569, 499], [58.481, 494]], "asks": []}, {"timestamp": "2025-07-22T01:26:45.167711", "bids": [[63.059, 562], [61.217, 819], [59.218, 538], [59.204, 683], [58.712, 394], [58.686, 281], [58.655, 694], [58.63, 570], [58.569, 499], [58.481, 494]], "asks": []}, {"timestamp": "2025-07-22T01:26:50.686877", "bids": [[63.059, 562], [61.217, 819], [59.218, 538], [59.204, 683], [58.712, 394], [58.686, 281], [58.655, 694], [58.63, 570], [58.569, 499], [58.481, 494]], "asks": []}, {"timestamp": "2025-07-22T01:26:56.169722", "bids": [[63.059, 562], [61.217, 819], [59.218, 538], [59.204, 683], [58.712, 394], [58.686, 281], [58.655, 694], [58.63, 570], [58.569, 499], [58.481, 494]], "asks": []}, {"timestamp": "2025-07-22T01:27:01.689766", "bids": [[63.059, 562], [61.217, 819], [59.218, 538], [59.204, 683], [58.712, 394], [58.686, 281], [58.655, 694], [58.63, 570], [58.569, 499], [58.481, 494]], "asks": []}, {"timestamp": "2025-07-22T01:27:07.270723", "bids": [[63.059, 562], [61.217, 819], [59.218, 538], [59.204, 683], [58.712, 394], [58.686, 281], [58.655, 694], [58.63, 570], [58.569, 499], [58.481, 494]], "asks": []}, {"timestamp": "2025-07-22T01:27:12.713762", "bids": [[63.059, 562], [61.217, 819], [59.218, 538], [59.204, 683], [58.712, 394], [58.686, 281], [58.655, 694], [58.63, 570], [58.569, 499], [58.481, 494]], "asks": []}, {"timestamp": "2025-07-22T01:27:18.259157", "bids": [[63.059, 562], [61.217, 819], [59.218, 538], [59.204, 683], [58.712, 394], [58.686, 281], [58.655, 694], [58.63, 570], [58.569, 499], [58.481, 494]], "asks": []}, {"timestamp": "2025-07-22T01:27:23.786069", "bids": [[63.059, 562], [61.217, 819], [59.218, 538], [59.204, 683], [58.712, 394], [58.686, 281], [58.655, 694], [58.63, 570], [58.569, 499], [58.481, 494]], "asks": []}, {"timestamp": "2025-07-22T01:27:29.375199", "bids": [[63.059, 562], [61.217, 819], [59.218, 538], [59.204, 683], [58.712, 394], [58.686, 281], [58.655, 694], [58.63, 570], [58.569, 499], [58.481, 494]], "asks": []}, {"timestamp": "2025-07-22T01:27:34.988910", "bids": [[63.059, 562], [61.217, 819], [59.218, 538], [59.204, 683], [58.712, 394], [58.686, 281], [58.655, 694], [58.63, 570], [58.569, 499], [58.481, 494]], "asks": []}, {"timestamp": "2025-07-22T01:27:40.401228", "bids": [[63.059, 562], [61.217, 819], [59.218, 538], [59.204, 683], [58.712, 394], [58.686, 281], [58.655, 694], [58.63, 570], [58.569, 499], [58.481, 494]], "asks": []}, {"timestamp": "2025-07-22T01:27:45.905537", "bids": [[63.059, 562], [61.217, 819], [59.218, 538], [59.204, 683], [58.712, 394], [58.686, 281], [58.655, 694], [58.63, 570], [58.569, 499], [58.481, 494]], "asks": []}, {"timestamp": "2025-07-22T01:27:51.388516", "bids": [[63.059, 562], [61.217, 819], [59.218, 538], [59.204, 683], [58.712, 394], [58.686, 281], [58.655, 694], [58.63, 570], [58.569, 499], [58.481, 494]], "asks": []}, {"timestamp": "2025-07-22T01:27:56.774885", "bids": [[63.059, 562], [61.217, 819], [59.218, 538], [59.204, 683], [58.712, 394], [58.686, 281], [58.655, 694], [58.63, 570], [58.569, 499], [58.481, 494]], "asks": []}, {"timestamp": "2025-07-22T01:28:02.212959", "bids": [[63.059, 562], [61.217, 819], [59.218, 538], [59.204, 683], [58.712, 394], [58.686, 281], [58.655, 694], [58.63, 570], [58.569, 499], [58.481, 494]], "asks": []}, {"timestamp": "2025-07-22T01:28:07.753324", "bids": [[63.059, 562], [61.217, 819], [59.218, 538], [59.204, 683], [58.712, 394], [58.686, 281], [58.655, 694], [58.63, 570], [58.569, 499], [58.481, 494]], "asks": []}, {"timestamp": "2025-07-22T01:28:13.311678", "bids": [[63.059, 562], [61.217, 819], [59.218, 538], [59.204, 683], [58.712, 394], [58.686, 281], [58.655, 694], [58.63, 570], [58.569, 499], [58.481, 494]], "asks": []}, {"timestamp": "2025-07-22T01:28:18.958606", "bids": [[63.059, 562], [61.217, 819], [59.218, 538], [59.204, 683], [58.712, 394], [58.686, 281], [58.655, 694], [58.63, 570], [58.569, 499], [58.481, 494]], "asks": []}, {"timestamp": "2025-07-22T01:28:24.475106", "bids": [[63.059, 562], [61.217, 819], [59.218, 538], [59.204, 683], [58.712, 394], [58.686, 281], [58.655, 694], [58.63, 570], [58.569, 499], [58.481, 494]], "asks": []}]