[{"timestamp": "2025-07-22T01:23:57.637886", "bids": [[129.439, 259]], "asks": []}, {"timestamp": "2025-07-22T01:24:03.116388", "bids": [[133.536, 354], [129.439, 259]], "asks": []}, {"timestamp": "2025-07-22T01:24:08.609476", "bids": [[135.881, 282], [133.536, 354], [129.439, 259]], "asks": []}, {"timestamp": "2025-07-22T01:24:14.002630", "bids": [[138.112, 233], [135.881, 282], [133.536, 354], [129.439, 259]], "asks": []}, {"timestamp": "2025-07-22T01:24:19.576224", "bids": [[150.857, 540], [138.112, 233], [135.881, 282], [133.536, 354], [129.439, 259]], "asks": []}, {"timestamp": "2025-07-22T01:24:25.047800", "bids": [[155.706, 202], [150.857, 540], [138.112, 233], [135.881, 282], [133.536, 354], [129.439, 259]], "asks": []}, {"timestamp": "2025-07-22T01:24:30.542732", "bids": [[155.706, 202], [150.857, 540], [138.112, 233], [135.881, 282], [133.536, 354], [129.439, 259]], "asks": []}, {"timestamp": "2025-07-22T01:24:35.978532", "bids": [[155.706, 202], [150.857, 540], [138.112, 233], [135.881, 282], [133.536, 354], [129.439, 259]], "asks": []}, {"timestamp": "2025-07-22T01:24:41.392453", "bids": [[155.706, 202], [150.857, 540], [138.112, 233], [135.881, 282], [133.536, 354], [129.439, 259]], "asks": []}, {"timestamp": "2025-07-22T01:24:46.902132", "bids": [[155.706, 202], [150.857, 540], [138.112, 233], [135.881, 282], [133.536, 354], [129.439, 259]], "asks": []}, {"timestamp": "2025-07-22T01:24:52.243537", "bids": [[155.706, 202], [150.857, 540], [138.112, 233], [135.881, 282], [133.536, 354], [129.439, 259]], "asks": []}, {"timestamp": "2025-07-22T01:24:57.653352", "bids": [[155.706, 202], [153.024, 646], [150.857, 540], [138.112, 233], [135.881, 282], [133.536, 354], [129.439, 259]], "asks": []}, {"timestamp": "2025-07-22T01:25:03.139922", "bids": [[155.706, 202], [153.024, 646], [150.857, 540], [138.112, 233], [135.881, 282], [133.536, 354], [129.439, 259]], "asks": []}, {"timestamp": "2025-07-22T01:25:08.458856", "bids": [[155.706, 202], [153.024, 646], [150.857, 540], [138.112, 233], [135.881, 282], [133.536, 354], [129.439, 259]], "asks": []}, {"timestamp": "2025-07-22T01:25:14.096176", "bids": [[155.706, 202], [153.024, 646], [150.857, 540], [138.112, 233], [135.881, 282], [133.536, 354], [129.439, 259]], "asks": []}, {"timestamp": "2025-07-22T01:25:19.568604", "bids": [[155.706, 202], [153.024, 646], [150.857, 540], [138.112, 233], [135.881, 282], [133.536, 354], [129.439, 259]], "asks": []}, {"timestamp": "2025-07-22T01:25:25.210969", "bids": [[155.706, 202], [153.024, 646], [150.857, 540], [138.112, 233], [135.881, 282], [133.536, 354], [129.439, 259]], "asks": []}, {"timestamp": "2025-07-22T01:25:30.596823", "bids": [[155.706, 202], [153.024, 646], [151.493, 272], [150.857, 540], [138.112, 233], [135.881, 282], [133.536, 354], [129.439, 259]], "asks": []}, {"timestamp": "2025-07-22T01:25:36.133569", "bids": [[155.706, 202], [153.024, 646], [151.493, 272], [150.857, 540], [144.244, 522], [138.112, 233], [135.881, 282], [133.536, 354], [129.439, 259]], "asks": []}, {"timestamp": "2025-07-22T01:25:41.691641", "bids": [[155.706, 202], [153.024, 646], [151.493, 272], [150.857, 540], [144.244, 522], [142.355, 417], [138.112, 233], [135.881, 282], [133.536, 354], [129.439, 259]], "asks": []}, {"timestamp": "2025-07-22T01:25:47.080374", "bids": [[155.706, 202], [153.024, 646], [151.493, 272], [150.857, 540], [144.49, 406], [144.244, 522], [142.355, 417], [138.112, 233], [135.881, 282], [133.536, 354]], "asks": []}, {"timestamp": "2025-07-22T01:25:52.533292", "bids": [[155.706, 202], [153.024, 646], [151.493, 272], [150.857, 540], [144.49, 406], [144.244, 522], [142.355, 417], [140.473, 368], [138.112, 233], [135.881, 282]], "asks": []}, {"timestamp": "2025-07-22T01:25:58.058197", "bids": [[155.706, 202], [153.024, 646], [151.493, 272], [150.857, 540], [145.609, 382], [144.49, 406], [144.244, 522], [142.355, 417], [140.473, 368], [138.112, 233]], "asks": []}, {"timestamp": "2025-07-22T01:26:03.520085", "bids": [[155.706, 202], [153.024, 646], [151.493, 272], [150.857, 540], [145.609, 382], [144.49, 406], [144.244, 522], [142.355, 417], [140.473, 368], [138.112, 233]], "asks": []}, {"timestamp": "2025-07-22T01:26:08.924997", "bids": [[155.706, 202], [153.024, 646], [151.493, 272], [150.857, 540], [149.069, 417], [145.609, 382], [144.49, 406], [144.244, 522], [142.355, 417], [140.473, 368]], "asks": []}, {"timestamp": "2025-07-22T01:26:14.388030", "bids": [[155.706, 202], [153.024, 646], [152.76, 407], [151.493, 272], [150.857, 540], [149.069, 417], [145.609, 382], [144.49, 406], [144.244, 522], [142.355, 417]], "asks": []}, {"timestamp": "2025-07-22T01:26:19.854541", "bids": [[155.706, 202], [153.024, 646], [152.76, 407], [151.493, 272], [150.857, 540], [149.069, 417], [145.609, 382], [144.49, 406], [144.244, 522], [142.355, 417]], "asks": []}, {"timestamp": "2025-07-22T01:26:25.447933", "bids": [[155.706, 202], [153.024, 646], [152.76, 407], [151.493, 272], [150.857, 540], [149.069, 417], [145.609, 382], [144.831, 584], [144.49, 406], [144.244, 522]], "asks": []}, {"timestamp": "2025-07-22T01:26:30.947179", "bids": [[155.706, 202], [153.024, 646], [152.76, 407], [151.493, 272], [150.857, 540], [149.069, 417], [145.609, 382], [144.869, 575], [144.831, 584], [144.49, 406]], "asks": []}, {"timestamp": "2025-07-22T01:26:36.381763", "bids": [[155.706, 202], [153.024, 646], [152.76, 407], [151.493, 272], [150.857, 540], [149.097, 459], [149.069, 417], [145.609, 382], [144.869, 575], [144.831, 584]], "asks": []}, {"timestamp": "2025-07-22T01:26:41.953498", "bids": [[155.706, 202], [153.024, 646], [152.76, 407], [151.493, 272], [150.857, 540], [149.097, 459], [149.069, 417], [145.609, 382], [144.869, 575], [144.831, 584]], "asks": []}, {"timestamp": "2025-07-22T01:26:47.503083", "bids": [[155.706, 202], [153.024, 646], [152.76, 407], [151.493, 272], [150.857, 540], [149.097, 459], [149.069, 417], [145.609, 382], [144.869, 575], [144.831, 584]], "asks": []}, {"timestamp": "2025-07-22T01:26:52.938778", "bids": [[155.706, 202], [153.024, 646], [152.76, 407], [151.493, 272], [150.857, 540], [149.097, 459], [149.069, 417], [146.82, 142], [145.609, 382], [144.869, 575]], "asks": []}, {"timestamp": "2025-07-22T01:26:58.401768", "bids": [[155.706, 202], [153.024, 646], [152.76, 407], [151.493, 272], [150.857, 540], [149.097, 459], [149.069, 417], [146.82, 142], [145.609, 382], [144.869, 575]], "asks": []}, {"timestamp": "2025-07-22T01:27:03.968559", "bids": [[155.706, 202], [153.024, 646], [152.76, 407], [151.493, 272], [150.857, 540], [149.097, 459], [149.069, 417], [146.82, 142], [145.609, 382], [144.869, 575]], "asks": []}, {"timestamp": "2025-07-22T01:27:09.549262", "bids": [[155.706, 202], [153.024, 646], [152.76, 407], [151.493, 272], [150.857, 540], [149.097, 459], [149.069, 417], [146.82, 142], [145.609, 382], [144.869, 575]], "asks": []}, {"timestamp": "2025-07-22T01:27:15.115673", "bids": [[155.706, 202], [153.024, 646], [152.76, 407], [151.493, 272], [150.857, 540], [149.097, 459], [149.069, 417], [146.82, 142], [145.609, 382], [144.869, 575]], "asks": []}, {"timestamp": "2025-07-22T01:27:20.613101", "bids": [[155.706, 202], [153.024, 646], [152.76, 407], [151.493, 272], [150.857, 540], [149.097, 459], [149.069, 417], [146.82, 142], [145.609, 382], [144.869, 575]], "asks": []}, {"timestamp": "2025-07-22T01:27:26.169858", "bids": [[155.706, 202], [153.024, 646], [152.76, 407], [151.493, 272], [150.857, 540], [149.097, 459], [149.069, 417], [146.82, 142], [145.609, 382], [144.869, 575]], "asks": []}, {"timestamp": "2025-07-22T01:27:31.635764", "bids": [[155.706, 202], [153.024, 646], [152.76, 407], [151.493, 272], [150.857, 540], [149.097, 459], [149.069, 417], [146.82, 142], [145.609, 382], [144.869, 575]], "asks": []}, {"timestamp": "2025-07-22T01:27:37.116858", "bids": [[155.706, 202], [153.024, 646], [152.76, 407], [151.493, 272], [150.857, 540], [149.097, 459], [149.069, 417], [146.82, 142], [145.609, 382], [144.869, 575]], "asks": []}, {"timestamp": "2025-07-22T01:27:42.578719", "bids": [[155.706, 202], [153.024, 646], [152.76, 407], [151.493, 272], [150.857, 540], [149.097, 459], [149.069, 417], [146.82, 142], [145.609, 382], [144.869, 575]], "asks": []}, {"timestamp": "2025-07-22T01:27:48.052179", "bids": [[155.706, 202], [153.024, 646], [152.76, 407], [151.493, 272], [150.857, 540], [149.097, 459], [149.069, 417], [146.82, 142], [145.609, 382], [144.869, 575]], "asks": []}, {"timestamp": "2025-07-22T01:27:53.555338", "bids": [[155.706, 202], [153.024, 646], [152.76, 407], [151.493, 272], [150.857, 540], [149.097, 459], [149.069, 417], [146.82, 142], [145.609, 382], [144.869, 575]], "asks": []}, {"timestamp": "2025-07-22T01:27:58.980555", "bids": [[155.706, 202], [153.024, 646], [152.76, 407], [151.493, 272], [150.857, 540], [149.097, 459], [149.069, 417], [146.82, 142], [145.609, 382], [144.869, 575]], "asks": []}, {"timestamp": "2025-07-22T01:28:04.550686", "bids": [[155.706, 202], [153.024, 646], [152.76, 407], [151.493, 272], [150.857, 540], [149.097, 459], [149.069, 417], [146.82, 142], [145.609, 382], [144.869, 575]], "asks": []}, {"timestamp": "2025-07-22T01:28:10.150395", "bids": [[155.706, 202], [153.024, 646], [152.76, 407], [151.493, 272], [150.857, 540], [149.097, 459], [149.069, 417], [146.82, 142], [145.609, 382], [144.869, 575]], "asks": []}, {"timestamp": "2025-07-22T01:28:15.695834", "bids": [[155.706, 202], [153.024, 646], [152.76, 407], [151.493, 272], [150.857, 540], [149.097, 459], [149.069, 417], [146.82, 142], [145.609, 382], [144.869, 575]], "asks": []}, {"timestamp": "2025-07-22T01:28:21.292492", "bids": [[155.706, 202], [153.024, 646], [152.76, 407], [151.493, 272], [150.857, 540], [149.097, 459], [149.069, 417], [146.82, 142], [145.609, 382], [144.869, 575]], "asks": []}, {"timestamp": "2025-07-22T01:28:26.824859", "bids": [[155.706, 202], [153.024, 646], [152.76, 407], [151.493, 272], [150.857, 540], [149.097, 459], [149.069, 417], [146.82, 142], [145.609, 382], [144.869, 575]], "asks": []}]