[{"timestamp": "2025-07-22T01:23:56.911276", "bids": [[119.724, 100]], "asks": []}, {"timestamp": "2025-07-22T01:24:02.383994", "bids": [[119.724, 100], [114.699, 848]], "asks": []}, {"timestamp": "2025-07-22T01:24:08.018193", "bids": [[119.724, 100], [114.699, 848]], "asks": []}, {"timestamp": "2025-07-22T01:24:13.400562", "bids": [[119.724, 100], [114.699, 848], [110.089, 657]], "asks": []}, {"timestamp": "2025-07-22T01:24:18.949090", "bids": [[119.724, 100], [114.699, 848], [110.089, 657]], "asks": []}, {"timestamp": "2025-07-22T01:24:24.439235", "bids": [[119.724, 100], [114.699, 848], [110.089, 657]], "asks": []}, {"timestamp": "2025-07-22T01:24:29.904407", "bids": [[119.724, 100], [114.699, 848], [110.089, 657]], "asks": []}, {"timestamp": "2025-07-22T01:24:35.492694", "bids": [[119.724, 100], [114.699, 848], [110.089, 657]], "asks": []}, {"timestamp": "2025-07-22T01:24:40.972562", "bids": [[119.724, 100], [114.699, 848], [110.994, 384], [110.089, 657]], "asks": []}, {"timestamp": "2025-07-22T01:24:46.544198", "bids": [[119.724, 100], [115.029, 171], [114.699, 848], [110.994, 384], [110.089, 657]], "asks": []}, {"timestamp": "2025-07-22T01:24:52.005517", "bids": [[119.724, 100], [118.347, 524], [115.029, 171], [114.699, 848], [110.994, 384], [110.089, 657]], "asks": []}, {"timestamp": "2025-07-22T01:24:57.540859", "bids": [[125.577, 630], [119.724, 100], [118.347, 524], [115.029, 171], [114.699, 848], [110.994, 384], [110.089, 657]], "asks": []}, {"timestamp": "2025-07-22T01:25:03.074028", "bids": [[125.577, 630], [119.724, 100], [118.347, 524], [115.029, 171], [114.699, 848], [110.994, 384], [110.089, 657]], "asks": []}, {"timestamp": "2025-07-22T01:25:08.695356", "bids": [[125.577, 630], [119.724, 100], [118.347, 524], [117.412, 598], [115.029, 171], [114.699, 848], [110.994, 384], [110.089, 657]], "asks": []}, {"timestamp": "2025-07-22T01:25:14.190510", "bids": [[125.577, 630], [119.724, 100], [118.347, 524], [117.412, 598], [115.029, 171], [114.699, 848], [110.994, 384], [110.089, 657]], "asks": []}, {"timestamp": "2025-07-22T01:25:19.679899", "bids": [[125.577, 630], [119.724, 100], [118.347, 524], [117.412, 598], [115.029, 171], [114.699, 848], [110.994, 384], [110.089, 657], [106.556, 172]], "asks": []}, {"timestamp": "2025-07-22T01:25:25.181584", "bids": [[125.577, 630], [119.724, 100], [118.347, 524], [117.412, 598], [115.029, 171], [114.699, 848], [110.994, 384], [110.089, 657], [108.723, 301], [106.556, 172]], "asks": []}, {"timestamp": "2025-07-22T01:25:30.736259", "bids": [[125.577, 630], [119.724, 100], [118.347, 524], [117.412, 598], [115.029, 171], [114.699, 848], [113.591, 266], [110.994, 384], [110.089, 657], [108.723, 301]], "asks": []}, {"timestamp": "2025-07-22T01:25:36.325212", "bids": [[125.577, 630], [119.724, 100], [118.347, 524], [117.412, 598], [115.029, 171], [114.699, 848], [113.591, 266], [110.994, 384], [110.089, 657], [109.102, 583]], "asks": []}, {"timestamp": "2025-07-22T01:25:41.709939", "bids": [[125.577, 630], [119.724, 100], [118.347, 524], [117.412, 598], [115.029, 171], [114.699, 848], [113.591, 266], [110.994, 384], [110.089, 657], [109.102, 583]], "asks": []}, {"timestamp": "2025-07-22T01:25:47.276645", "bids": [[125.577, 630], [119.724, 100], [118.347, 524], [117.412, 598], [115.029, 171], [114.699, 848], [113.591, 266], [112.431, 295], [110.994, 384], [110.089, 657]], "asks": []}, {"timestamp": "2025-07-22T01:25:52.767472", "bids": [[125.577, 630], [119.724, 100], [119.172, 162], [118.347, 524], [117.412, 598], [115.029, 171], [114.699, 848], [113.591, 266], [112.431, 295], [110.994, 384]], "asks": []}, {"timestamp": "2025-07-22T01:25:58.227492", "bids": [[125.577, 630], [119.724, 100], [119.172, 162], [118.347, 524], [117.412, 598], [115.029, 171], [114.699, 848], [113.591, 266], [112.431, 295], [110.994, 384]], "asks": []}, {"timestamp": "2025-07-22T01:26:03.669296", "bids": [[125.577, 630], [119.724, 100], [119.172, 162], [118.347, 524], [117.412, 598], [115.029, 171], [114.699, 848], [113.591, 266], [112.431, 295], [110.994, 384]], "asks": []}, {"timestamp": "2025-07-22T01:26:09.120750", "bids": [[135.656, 780], [125.577, 630], [119.724, 100], [119.172, 162], [118.347, 524], [117.412, 598], [115.029, 171], [114.699, 848], [113.591, 266], [112.431, 295]], "asks": []}, {"timestamp": "2025-07-22T01:26:14.633432", "bids": [[135.656, 780], [130.878, 600], [125.577, 630], [119.724, 100], [119.172, 162], [118.347, 524], [117.412, 598], [115.029, 171], [114.699, 848], [113.591, 266]], "asks": []}, {"timestamp": "2025-07-22T01:26:20.130377", "bids": [[135.656, 780], [130.878, 600], [125.577, 630], [120.949, 293], [119.724, 100], [119.172, 162], [118.347, 524], [117.412, 598], [115.029, 171], [114.699, 848]], "asks": []}, {"timestamp": "2025-07-22T01:26:25.550798", "bids": [[135.656, 780], [130.878, 600], [125.577, 630], [120.949, 293], [119.724, 100], [119.172, 162], [118.347, 524], [117.412, 598], [115.029, 171], [114.699, 848]], "asks": []}, {"timestamp": "2025-07-22T01:26:31.018985", "bids": [[135.656, 780], [130.878, 600], [125.577, 630], [124.404, 557], [120.949, 293], [119.724, 100], [119.172, 162], [118.347, 524], [117.412, 598], [115.029, 171]], "asks": []}, {"timestamp": "2025-07-22T01:26:36.530091", "bids": [[135.656, 780], [130.878, 600], [125.577, 630], [124.404, 557], [120.949, 293], [119.724, 100], [119.172, 162], [118.347, 524], [118.247, 417], [117.412, 598]], "asks": []}, {"timestamp": "2025-07-22T01:26:42.035415", "bids": [[135.656, 780], [130.878, 600], [125.577, 630], [124.404, 557], [120.949, 293], [119.724, 100], [119.172, 162], [118.92, 548], [118.347, 524], [118.247, 417]], "asks": []}, {"timestamp": "2025-07-22T01:26:47.491759", "bids": [[135.656, 780], [130.878, 600], [125.577, 630], [124.404, 557], [123.328, 658], [120.949, 293], [119.724, 100], [119.172, 162], [118.92, 548], [118.347, 524]], "asks": []}, {"timestamp": "2025-07-22T01:26:52.885361", "bids": [[135.656, 780], [130.878, 600], [125.577, 630], [124.404, 557], [123.328, 658], [123.084, 342], [120.949, 293], [119.724, 100], [119.172, 162], [118.92, 548]], "asks": []}, {"timestamp": "2025-07-22T01:26:58.504350", "bids": [[135.656, 780], [130.878, 600], [125.577, 630], [124.404, 557], [123.328, 658], [123.084, 342], [122.423, 790], [120.949, 293], [119.724, 100], [119.172, 162]], "asks": []}, {"timestamp": "2025-07-22T01:27:03.994466", "bids": [[135.656, 780], [130.878, 600], [125.577, 630], [124.404, 557], [123.667, 435], [123.328, 658], [123.084, 342], [122.423, 790], [120.949, 293], [119.724, 100]], "asks": []}, {"timestamp": "2025-07-22T01:27:09.540474", "bids": [[135.656, 780], [130.878, 600], [125.577, 630], [124.404, 557], [123.667, 435], [123.328, 658], [123.084, 342], [122.423, 790], [120.949, 293], [119.724, 100]], "asks": []}, {"timestamp": "2025-07-22T01:27:15.003169", "bids": [[135.656, 780], [130.878, 600], [125.577, 630], [124.404, 557], [123.667, 435], [123.328, 658], [123.084, 342], [122.423, 790], [120.949, 293], [119.724, 100]], "asks": []}, {"timestamp": "2025-07-22T01:27:20.500294", "bids": [[135.656, 780], [130.878, 600], [125.577, 630], [124.404, 557], [123.667, 435], [123.328, 658], [123.084, 342], [122.423, 790], [120.949, 293], [119.724, 100]], "asks": []}, {"timestamp": "2025-07-22T01:27:25.927408", "bids": [[135.656, 780], [130.878, 600], [125.577, 630], [124.404, 557], [123.667, 435], [123.328, 658], [123.084, 342], [122.423, 790], [120.949, 293], [119.724, 100]], "asks": []}, {"timestamp": "2025-07-22T01:27:31.512791", "bids": [[135.656, 780], [130.878, 600], [125.577, 630], [124.404, 557], [123.667, 435], [123.328, 658], [123.084, 342], [122.423, 790], [120.949, 293], [120.545, 514]], "asks": []}, {"timestamp": "2025-07-22T01:27:37.096180", "bids": [[135.656, 780], [130.878, 600], [125.577, 630], [124.404, 557], [123.667, 435], [123.328, 658], [123.084, 342], [122.423, 790], [120.949, 293], [120.545, 514]], "asks": []}, {"timestamp": "2025-07-22T01:27:42.629703", "bids": [[135.656, 780], [130.878, 600], [125.577, 630], [124.404, 557], [123.667, 435], [123.328, 658], [123.084, 342], [122.423, 790], [120.949, 293], [120.545, 514]], "asks": []}, {"timestamp": "2025-07-22T01:27:48.031208", "bids": [[135.656, 780], [130.878, 600], [125.577, 630], [124.404, 557], [123.667, 435], [123.328, 658], [123.084, 342], [122.423, 790], [120.949, 293], [120.545, 514]], "asks": []}, {"timestamp": "2025-07-22T01:27:53.416600", "bids": [[135.656, 780], [130.878, 600], [125.577, 630], [124.404, 557], [123.667, 435], [123.328, 658], [123.084, 342], [122.423, 790], [120.949, 293], [120.545, 514]], "asks": []}, {"timestamp": "2025-07-22T01:27:58.880809", "bids": [[135.656, 780], [130.878, 600], [125.577, 630], [124.404, 557], [123.667, 435], [123.328, 658], [123.084, 342], [122.423, 790], [120.949, 293], [120.545, 514]], "asks": []}, {"timestamp": "2025-07-22T01:28:04.346268", "bids": [[135.656, 780], [130.878, 600], [125.577, 630], [124.404, 557], [123.667, 435], [123.328, 658], [123.084, 342], [122.423, 790], [120.949, 293], [120.545, 514]], "asks": []}, {"timestamp": "2025-07-22T01:28:09.794434", "bids": [[135.656, 780], [130.878, 600], [125.577, 630], [124.404, 557], [123.667, 435], [123.328, 658], [123.084, 342], [122.423, 790], [120.949, 293], [120.545, 514]], "asks": []}, {"timestamp": "2025-07-22T01:28:15.216524", "bids": [[135.656, 780], [130.878, 600], [125.577, 630], [124.404, 557], [123.667, 435], [123.328, 658], [123.084, 342], [122.423, 790], [120.949, 293], [120.545, 514]], "asks": []}, {"timestamp": "2025-07-22T01:28:20.674472", "bids": [[135.656, 780], [130.878, 600], [125.577, 630], [124.404, 557], [123.667, 435], [123.328, 658], [123.084, 342], [122.423, 790], [120.949, 293], [120.545, 514]], "asks": []}, {"timestamp": "2025-07-22T01:28:26.162717", "bids": [[135.656, 780], [130.878, 600], [125.577, 630], [124.404, 557], [123.667, 435], [123.328, 658], [123.084, 342], [122.423, 790], [120.949, 293], [120.545, 514]], "asks": []}]