[{"timestamp": "2025-07-22T01:23:55.896034", "bids": [[149.469, 444]], "asks": []}, {"timestamp": "2025-07-22T01:24:01.362102", "bids": [[156.673, 194], [149.469, 444]], "asks": []}, {"timestamp": "2025-07-22T01:24:06.711053", "bids": [[156.673, 194], [149.469, 444]], "asks": []}, {"timestamp": "2025-07-22T01:24:12.215175", "bids": [[156.673, 194], [150.309, 647], [149.469, 444]], "asks": []}, {"timestamp": "2025-07-22T01:24:17.573188", "bids": [[156.673, 194], [150.309, 647], [149.469, 444]], "asks": []}, {"timestamp": "2025-07-22T01:24:22.975029", "bids": [[156.673, 194], [150.309, 647], [149.511, 533], [149.469, 444]], "asks": []}, {"timestamp": "2025-07-22T01:24:28.435653", "bids": [[156.673, 194], [150.309, 647], [149.511, 533], [149.469, 444]], "asks": []}, {"timestamp": "2025-07-22T01:24:33.836743", "bids": [[156.673, 194], [150.309, 647], [149.511, 533], [149.469, 444]], "asks": []}, {"timestamp": "2025-07-22T01:24:39.367757", "bids": [[156.673, 194], [155.399, 485], [150.309, 647], [149.511, 533], [149.469, 444]], "asks": []}, {"timestamp": "2025-07-22T01:24:44.924655", "bids": [[156.673, 194], [155.399, 485], [151.435, 382], [150.309, 647], [149.511, 533], [149.469, 444]], "asks": []}, {"timestamp": "2025-07-22T01:24:50.506950", "bids": [[156.673, 194], [155.399, 485], [151.435, 382], [150.309, 647], [149.511, 533], [149.469, 444], [145.739, 416]], "asks": []}, {"timestamp": "2025-07-22T01:24:55.803012", "bids": [[156.673, 194], [155.399, 485], [151.435, 382], [150.309, 647], [149.511, 533], [149.469, 444], [145.739, 416], [138.387, 428]], "asks": []}, {"timestamp": "2025-07-22T01:25:01.447239", "bids": [[156.673, 194], [155.399, 485], [151.435, 382], [150.309, 647], [149.511, 533], [149.469, 444], [145.739, 416], [139.349, 566], [138.387, 428]], "asks": []}, {"timestamp": "2025-07-22T01:25:07.014140", "bids": [[156.673, 194], [155.399, 485], [151.435, 382], [150.309, 647], [149.511, 533], [149.469, 444], [145.739, 416], [139.349, 566], [138.387, 428], [134.672, 404]], "asks": []}, {"timestamp": "2025-07-22T01:25:12.431595", "bids": [[156.673, 194], [155.399, 485], [151.435, 382], [150.309, 647], [149.511, 533], [149.469, 444], [145.739, 416], [140.475, 429], [139.349, 566], [138.387, 428]], "asks": []}, {"timestamp": "2025-07-22T01:25:18.046638", "bids": [[156.673, 194], [155.399, 485], [151.435, 382], [150.309, 647], [149.511, 533], [149.469, 444], [145.739, 416], [140.475, 429], [140.159, 313], [139.349, 566]], "asks": []}, {"timestamp": "2025-07-22T01:25:23.496033", "bids": [[156.673, 194], [155.399, 485], [151.435, 382], [150.309, 647], [149.511, 533], [149.469, 444], [145.739, 416], [140.475, 429], [140.159, 313], [139.349, 566]], "asks": []}, {"timestamp": "2025-07-22T01:25:29.021033", "bids": [[156.673, 194], [155.399, 485], [151.435, 382], [150.309, 647], [149.511, 533], [149.469, 444], [145.739, 416], [141.022, 529], [140.475, 429], [140.159, 313]], "asks": []}, {"timestamp": "2025-07-22T01:25:34.419341", "bids": [[156.673, 194], [155.399, 485], [151.435, 382], [150.309, 647], [149.511, 533], [149.469, 444], [145.739, 416], [141.022, 529], [140.475, 429], [140.159, 313]], "asks": []}, {"timestamp": "2025-07-22T01:25:39.939346", "bids": [[156.673, 194], [155.399, 485], [153.188, 585], [151.435, 382], [150.309, 647], [149.511, 533], [149.469, 444], [145.739, 416], [141.022, 529], [140.475, 429]], "asks": []}, {"timestamp": "2025-07-22T01:25:45.535704", "bids": [[156.673, 194], [156.507, 352], [155.399, 485], [153.188, 585], [151.435, 382], [150.309, 647], [149.511, 533], [149.469, 444], [145.739, 416], [141.022, 529]], "asks": []}, {"timestamp": "2025-07-22T01:25:51.204687", "bids": [[156.673, 194], [156.507, 352], [155.399, 485], [153.34, 655], [153.188, 585], [151.435, 382], [150.309, 647], [149.511, 533], [149.469, 444], [145.739, 416]], "asks": []}, {"timestamp": "2025-07-22T01:25:56.662025", "bids": [[156.673, 194], [156.507, 352], [155.399, 485], [153.34, 655], [153.188, 585], [152.951, 588], [151.435, 382], [150.309, 647], [149.511, 533], [149.469, 444]], "asks": []}, {"timestamp": "2025-07-22T01:26:02.061827", "bids": [[156.673, 194], [156.507, 352], [155.399, 485], [153.34, 655], [153.188, 585], [152.951, 588], [151.435, 382], [150.309, 647], [149.688, 395], [149.511, 533]], "asks": []}, {"timestamp": "2025-07-22T01:26:07.454086", "bids": [[156.673, 194], [156.507, 352], [155.399, 485], [153.34, 655], [153.188, 585], [152.951, 588], [151.435, 382], [150.309, 647], [149.688, 395], [149.511, 533]], "asks": []}, {"timestamp": "2025-07-22T01:26:13.063814", "bids": [[156.673, 194], [156.507, 352], [155.399, 485], [153.34, 655], [153.188, 585], [152.951, 588], [151.435, 382], [150.309, 647], [149.708, 804], [149.688, 395]], "asks": []}, {"timestamp": "2025-07-22T01:26:18.607929", "bids": [[157.685, 650], [156.673, 194], [156.507, 352], [155.399, 485], [153.34, 655], [153.188, 585], [152.951, 588], [151.435, 382], [150.309, 647], [149.708, 804]], "asks": []}, {"timestamp": "2025-07-22T01:26:24.148213", "bids": [[165.814, 568], [157.685, 650], [156.673, 194], [156.507, 352], [155.399, 485], [153.34, 655], [153.188, 585], [152.951, 588], [151.435, 382], [150.309, 647]], "asks": []}, {"timestamp": "2025-07-22T01:26:29.658556", "bids": [[165.968, 584], [165.814, 568], [157.685, 650], [156.673, 194], [156.507, 352], [155.399, 485], [153.34, 655], [153.188, 585], [152.951, 588], [151.435, 382]], "asks": []}, {"timestamp": "2025-07-22T01:26:35.061668", "bids": [[165.968, 584], [165.814, 568], [163.969, 241], [157.685, 650], [156.673, 194], [156.507, 352], [155.399, 485], [153.34, 655], [153.188, 585], [152.951, 588]], "asks": []}, {"timestamp": "2025-07-22T01:26:40.551540", "bids": [[165.968, 584], [165.814, 568], [163.969, 241], [163.338, 382], [157.685, 650], [156.673, 194], [156.507, 352], [155.399, 485], [153.34, 655], [153.188, 585]], "asks": []}, {"timestamp": "2025-07-22T01:26:45.982849", "bids": [[165.968, 584], [165.814, 568], [164.65, 391], [163.969, 241], [163.338, 382], [157.685, 650], [156.673, 194], [156.507, 352], [155.399, 485], [153.34, 655]], "asks": []}, {"timestamp": "2025-07-22T01:26:51.544506", "bids": [[170.779, 716], [165.968, 584], [165.814, 568], [164.65, 391], [163.969, 241], [163.338, 382], [157.685, 650], [156.673, 194], [156.507, 352], [155.399, 485]], "asks": []}, {"timestamp": "2025-07-22T01:26:57.112629", "bids": [[173.072, 476], [170.779, 716], [165.968, 584], [165.814, 568], [164.65, 391], [163.969, 241], [163.338, 382], [157.685, 650], [156.673, 194], [156.507, 352]], "asks": []}, {"timestamp": "2025-07-22T01:27:02.595282", "bids": [[180.264, 637], [173.072, 476], [170.779, 716], [165.968, 584], [165.814, 568], [164.65, 391], [163.969, 241], [163.338, 382], [157.685, 650], [156.673, 194]], "asks": []}, {"timestamp": "2025-07-22T01:27:08.141620", "bids": [[180.264, 637], [174.98, 723], [173.072, 476], [170.779, 716], [165.968, 584], [165.814, 568], [164.65, 391], [163.969, 241], [163.338, 382], [157.685, 650]], "asks": []}, {"timestamp": "2025-07-22T01:27:13.624222", "bids": [[181.996, 612], [180.264, 637], [174.98, 723], [173.072, 476], [170.779, 716], [165.968, 584], [165.814, 568], [164.65, 391], [163.969, 241], [163.338, 382]], "asks": []}, {"timestamp": "2025-07-22T01:27:19.062776", "bids": [[181.996, 612], [180.264, 637], [174.98, 723], [173.072, 476], [170.779, 716], [165.968, 584], [165.814, 568], [164.65, 391], [163.969, 241], [163.338, 382]], "asks": []}, {"timestamp": "2025-07-22T01:27:24.663707", "bids": [[181.996, 612], [180.264, 637], [174.98, 723], [173.072, 476], [170.779, 716], [165.968, 584], [165.814, 568], [164.65, 391], [163.969, 241], [163.338, 382]], "asks": []}, {"timestamp": "2025-07-22T01:27:30.271047", "bids": [[188.132, 413], [181.996, 612], [180.264, 637], [174.98, 723], [173.072, 476], [170.779, 716], [165.968, 584], [165.814, 568], [164.65, 391], [163.969, 241]], "asks": []}, {"timestamp": "2025-07-22T01:27:35.530484", "bids": [[188.132, 413], [181.996, 612], [180.264, 637], [174.98, 723], [173.072, 476], [170.779, 716], [165.968, 584], [165.814, 568], [164.65, 391], [163.969, 241]], "asks": []}, {"timestamp": "2025-07-22T01:27:40.941295", "bids": [[196.005, 408], [188.132, 413], [181.996, 612], [180.264, 637], [174.98, 723], [173.072, 476], [170.779, 716], [165.968, 584], [165.814, 568], [164.65, 391]], "asks": []}, {"timestamp": "2025-07-22T01:27:46.535581", "bids": [[196.005, 408], [188.132, 413], [181.996, 612], [180.264, 637], [174.98, 723], [173.072, 476], [170.779, 716], [165.968, 584], [165.814, 568], [164.65, 391]], "asks": []}, {"timestamp": "2025-07-22T01:27:52.041302", "bids": [[196.005, 408], [188.132, 413], [186.718, 175], [181.996, 612], [180.264, 637], [174.98, 723], [173.072, 476], [170.779, 716], [165.968, 584], [165.814, 568]], "asks": []}, {"timestamp": "2025-07-22T01:27:57.678670", "bids": [[196.005, 408], [188.132, 413], [186.718, 175], [181.996, 612], [180.264, 637], [174.98, 723], [173.072, 476], [170.779, 716], [165.968, 584], [165.814, 568]], "asks": []}, {"timestamp": "2025-07-22T01:28:03.183310", "bids": [[196.005, 408], [188.132, 413], [186.718, 175], [185.572, 364], [181.996, 612], [180.264, 637], [174.98, 723], [173.072, 476], [170.779, 716], [165.968, 584]], "asks": []}, {"timestamp": "2025-07-22T01:28:08.668368", "bids": [[196.005, 408], [188.132, 413], [186.718, 175], [185.572, 364], [181.996, 612], [180.264, 637], [174.98, 723], [173.072, 476], [170.779, 716], [165.968, 584]], "asks": []}, {"timestamp": "2025-07-22T01:28:14.156251", "bids": [[200.558, 657], [196.005, 408], [188.132, 413], [186.718, 175], [185.572, 364], [181.996, 612], [180.264, 637], [174.98, 723], [173.072, 476], [170.779, 716]], "asks": []}, {"timestamp": "2025-07-22T01:28:19.578660", "bids": [[209.656, 412], [200.558, 657], [196.005, 408], [188.132, 413], [186.718, 175], [185.572, 364], [181.996, 612], [180.264, 637], [174.98, 723], [173.072, 476]], "asks": []}, {"timestamp": "2025-07-22T01:28:25.096248", "bids": [[209.656, 412], [200.558, 657], [196.005, 408], [188.132, 413], [186.718, 175], [185.572, 364], [181.996, 612], [180.264, 637], [174.98, 723], [173.072, 476]], "asks": []}]