[{"timestamp": "2025-07-22T01:23:53.660576", "bids": [], "asks": []}, {"timestamp": "2025-07-22T01:23:59.183795", "bids": [], "asks": []}, {"timestamp": "2025-07-22T01:24:04.613003", "bids": [[55.285, 1046]], "asks": []}, {"timestamp": "2025-07-22T01:24:10.206421", "bids": [[55.285, 1046], [53.717, 839]], "asks": []}, {"timestamp": "2025-07-22T01:24:15.761206", "bids": [[55.285, 1046], [53.717, 839]], "asks": []}, {"timestamp": "2025-07-22T01:24:21.282911", "bids": [[55.77, 792], [55.285, 1046], [53.717, 839]], "asks": []}, {"timestamp": "2025-07-22T01:24:26.665774", "bids": [[55.77, 792], [55.285, 1046], [53.717, 839], [53.371, 503]], "asks": []}, {"timestamp": "2025-07-22T01:24:32.052998", "bids": [[55.77, 792], [55.519, 322], [55.285, 1046], [53.717, 839], [53.371, 503]], "asks": []}, {"timestamp": "2025-07-22T01:24:37.499186", "bids": [[55.77, 792], [55.519, 322], [55.285, 1046], [53.717, 839], [53.371, 503], [53.132, 525]], "asks": []}, {"timestamp": "2025-07-22T01:24:43.039142", "bids": [[55.77, 792], [55.519, 322], [55.285, 1046], [53.717, 839], [53.371, 503], [53.132, 525], [51.196, 505]], "asks": []}, {"timestamp": "2025-07-22T01:24:48.559852", "bids": [[55.77, 792], [55.519, 322], [55.285, 1046], [53.717, 839], [53.371, 503], [53.132, 525], [51.196, 505], [50.459, 554]], "asks": []}, {"timestamp": "2025-07-22T01:24:54.111090", "bids": [[55.77, 792], [55.519, 322], [55.285, 1046], [53.717, 839], [53.371, 503], [53.132, 525], [51.79, 397], [51.196, 505], [50.459, 554]], "asks": []}, {"timestamp": "2025-07-22T01:24:59.568036", "bids": [[55.77, 792], [55.519, 322], [55.285, 1046], [53.717, 839], [53.371, 503], [53.132, 525], [51.79, 397], [51.196, 505], [50.459, 554], [49.405, 631]], "asks": []}, {"timestamp": "2025-07-22T01:25:05.094641", "bids": [[55.77, 792], [55.519, 322], [55.285, 1046], [53.717, 839], [53.371, 503], [53.132, 525], [51.79, 397], [51.196, 505], [50.459, 554], [49.405, 631]], "asks": []}, {"timestamp": "2025-07-22T01:25:10.430428", "bids": [[55.77, 792], [55.519, 322], [55.285, 1046], [53.717, 839], [53.371, 503], [53.132, 525], [51.79, 397], [51.196, 505], [50.459, 554], [49.405, 631]], "asks": []}, {"timestamp": "2025-07-22T01:25:15.939330", "bids": [[55.77, 792], [55.519, 322], [55.285, 1046], [53.717, 839], [53.371, 503], [53.132, 525], [51.79, 397], [51.196, 505], [50.459, 554], [49.405, 631]], "asks": []}, {"timestamp": "2025-07-22T01:25:21.481508", "bids": [[55.77, 792], [55.519, 322], [55.285, 1046], [53.717, 839], [53.371, 503], [53.132, 525], [51.79, 397], [51.196, 505], [50.459, 554], [49.405, 631]], "asks": []}, {"timestamp": "2025-07-22T01:25:27.168732", "bids": [[55.77, 792], [55.519, 322], [55.285, 1046], [53.717, 839], [53.371, 503], [53.132, 525], [51.79, 397], [51.196, 505], [50.459, 554], [49.405, 631]], "asks": []}, {"timestamp": "2025-07-22T01:25:32.660663", "bids": [[55.77, 792], [55.519, 322], [55.285, 1046], [53.717, 839], [53.371, 503], [53.132, 525], [51.79, 397], [51.196, 505], [50.459, 554], [49.405, 631]], "asks": []}, {"timestamp": "2025-07-22T01:25:38.135970", "bids": [[55.77, 792], [55.519, 322], [55.285, 1046], [53.717, 839], [53.371, 503], [53.132, 525], [51.79, 397], [51.196, 505], [50.459, 554], [49.405, 631]], "asks": []}, {"timestamp": "2025-07-22T01:25:43.630876", "bids": [[55.77, 792], [55.519, 322], [55.285, 1046], [53.717, 839], [53.371, 503], [53.132, 525], [51.79, 397], [51.196, 505], [50.459, 554], [49.99, 964]], "asks": []}, {"timestamp": "2025-07-22T01:25:49.224424", "bids": [[55.77, 792], [55.519, 322], [55.285, 1046], [53.717, 839], [53.371, 503], [53.132, 525], [51.79, 397], [51.196, 505], [50.459, 554], [49.99, 964]], "asks": []}, {"timestamp": "2025-07-22T01:25:54.681782", "bids": [[55.77, 792], [55.519, 322], [55.285, 1046], [53.717, 839], [53.371, 503], [53.132, 525], [51.79, 397], [51.196, 505], [50.459, 554], [49.99, 964]], "asks": []}, {"timestamp": "2025-07-22T01:26:00.280752", "bids": [[55.77, 792], [55.519, 322], [55.285, 1046], [53.717, 839], [53.371, 503], [53.132, 525], [51.79, 397], [51.196, 505], [50.459, 554], [49.99, 964]], "asks": []}, {"timestamp": "2025-07-22T01:26:05.699026", "bids": [[55.77, 792], [55.519, 322], [55.285, 1046], [53.717, 839], [53.371, 503], [53.132, 525], [51.79, 397], [51.196, 505], [50.459, 554], [49.99, 964]], "asks": []}, {"timestamp": "2025-07-22T01:26:11.150789", "bids": [[55.77, 792], [55.519, 322], [55.285, 1046], [53.717, 839], [53.371, 503], [53.132, 525], [51.79, 397], [51.196, 505], [50.459, 554], [49.99, 964]], "asks": []}, {"timestamp": "2025-07-22T01:26:16.719576", "bids": [[55.77, 792], [55.519, 322], [55.285, 1046], [53.717, 839], [53.371, 503], [53.132, 525], [51.79, 397], [51.196, 505], [50.459, 554], [49.99, 964]], "asks": []}, {"timestamp": "2025-07-22T01:26:22.215249", "bids": [[55.77, 792], [55.519, 322], [55.285, 1046], [53.717, 839], [53.371, 503], [53.132, 525], [51.79, 397], [51.196, 505], [50.459, 554], [49.99, 964]], "asks": []}, {"timestamp": "2025-07-22T01:26:27.790217", "bids": [[55.77, 792], [55.519, 322], [55.285, 1046], [53.717, 839], [53.371, 503], [53.132, 525], [51.79, 397], [51.196, 505], [50.459, 554], [50.175, 558]], "asks": []}, {"timestamp": "2025-07-22T01:26:33.294392", "bids": [[55.77, 792], [55.519, 322], [55.285, 1046], [54.502, 709], [53.717, 839], [53.371, 503], [53.132, 525], [51.79, 397], [51.196, 505], [50.459, 554]], "asks": []}, {"timestamp": "2025-07-22T01:26:38.754721", "bids": [[55.77, 792], [55.519, 322], [55.285, 1046], [54.502, 709], [53.717, 839], [53.371, 503], [53.132, 525], [51.79, 397], [51.196, 505], [50.459, 554]], "asks": []}, {"timestamp": "2025-07-22T01:26:44.244847", "bids": [[55.77, 792], [55.519, 322], [55.285, 1046], [54.502, 709], [53.717, 839], [53.371, 503], [53.322, 334], [53.132, 525], [51.79, 397], [51.196, 505]], "asks": []}, {"timestamp": "2025-07-22T01:26:49.803889", "bids": [[55.77, 792], [55.519, 322], [55.285, 1046], [54.502, 709], [54.305, 636], [53.717, 839], [53.371, 503], [53.322, 334], [53.132, 525], [51.79, 397]], "asks": []}, {"timestamp": "2025-07-22T01:26:55.188636", "bids": [[55.77, 792], [55.519, 322], [55.285, 1046], [54.502, 709], [54.305, 636], [53.717, 839], [53.371, 503], [53.322, 334], [53.132, 525], [51.79, 397]], "asks": []}, {"timestamp": "2025-07-22T01:27:00.858630", "bids": [[55.77, 792], [55.519, 322], [55.285, 1046], [54.502, 709], [54.305, 636], [53.916, 505], [53.717, 839], [53.371, 503], [53.322, 334], [53.132, 525]], "asks": []}, {"timestamp": "2025-07-22T01:27:06.328535", "bids": [[55.77, 792], [55.519, 322], [55.285, 1046], [54.502, 709], [54.305, 636], [53.916, 505], [53.717, 839], [53.371, 503], [53.322, 334], [53.132, 525]], "asks": []}, {"timestamp": "2025-07-22T01:27:11.818056", "bids": [[55.77, 792], [55.519, 322], [55.285, 1046], [54.989, 597], [54.502, 709], [54.305, 636], [53.916, 505], [53.717, 839], [53.371, 503], [53.322, 334]], "asks": []}, {"timestamp": "2025-07-22T01:27:17.217308", "bids": [[55.77, 792], [55.519, 322], [55.285, 1046], [54.989, 597], [54.502, 709], [54.305, 636], [53.916, 505], [53.717, 839], [53.371, 503], [53.322, 334]], "asks": []}, {"timestamp": "2025-07-22T01:27:22.664149", "bids": [[55.941, 480], [55.77, 792], [55.519, 322], [55.285, 1046], [54.989, 597], [54.502, 709], [54.305, 636], [53.916, 505], [53.717, 839], [53.371, 503]], "asks": []}, {"timestamp": "2025-07-22T01:27:28.109826", "bids": [[55.941, 480], [55.77, 792], [55.717, 465], [55.519, 322], [55.285, 1046], [54.989, 597], [54.502, 709], [54.305, 636], [53.916, 505], [53.717, 839]], "asks": []}, {"timestamp": "2025-07-22T01:27:33.684719", "bids": [[55.941, 480], [55.77, 792], [55.725, 378], [55.717, 465], [55.519, 322], [55.285, 1046], [54.989, 597], [54.502, 709], [54.305, 636], [53.916, 505]], "asks": []}, {"timestamp": "2025-07-22T01:27:39.170149", "bids": [[55.941, 480], [55.77, 792], [55.725, 378], [55.717, 465], [55.519, 322], [55.285, 1046], [54.989, 597], [54.502, 709], [54.305, 636], [53.916, 505]], "asks": []}, {"timestamp": "2025-07-22T01:27:44.629099", "bids": [[55.941, 480], [55.77, 792], [55.725, 378], [55.717, 465], [55.519, 322], [55.285, 1046], [54.989, 597], [54.618, 561], [54.502, 709], [54.305, 636]], "asks": []}, {"timestamp": "2025-07-22T01:27:50.165398", "bids": [[55.941, 480], [55.77, 792], [55.725, 378], [55.717, 465], [55.519, 322], [55.285, 1046], [55.026, 531], [54.989, 597], [54.618, 561], [54.502, 709]], "asks": []}, {"timestamp": "2025-07-22T01:27:55.456854", "bids": [[55.974, 393], [55.941, 480], [55.77, 792], [55.725, 378], [55.717, 465], [55.519, 322], [55.285, 1046], [55.026, 531], [54.989, 597], [54.618, 561]], "asks": []}, {"timestamp": "2025-07-22T01:28:00.947373", "bids": [[59.155, 869], [55.974, 393], [55.941, 480], [55.77, 792], [55.725, 378], [55.717, 465], [55.519, 322], [55.285, 1046], [55.026, 531], [54.989, 597]], "asks": []}, {"timestamp": "2025-07-22T01:28:06.551056", "bids": [[59.22, 493], [59.155, 869], [55.974, 393], [55.941, 480], [55.77, 792], [55.725, 378], [55.717, 465], [55.519, 322], [55.285, 1046], [55.026, 531]], "asks": []}, {"timestamp": "2025-07-22T01:28:11.975536", "bids": [[60.102, 532], [59.22, 493], [59.155, 869], [55.974, 393], [55.941, 480], [55.77, 792], [55.725, 378], [55.717, 465], [55.519, 322], [55.285, 1046]], "asks": []}, {"timestamp": "2025-07-22T01:28:17.418080", "bids": [[60.102, 532], [59.22, 493], [59.155, 869], [55.974, 393], [55.941, 480], [55.77, 792], [55.725, 378], [55.717, 465], [55.519, 322], [55.285, 1046]], "asks": []}, {"timestamp": "2025-07-22T01:28:23.133146", "bids": [[60.102, 532], [59.22, 493], [59.155, 869], [57.864, 837], [55.974, 393], [55.941, 480], [55.77, 792], [55.725, 378], [55.717, 465], [55.519, 322]], "asks": []}]