[{"timestamp": "2025-07-22T01:23:59.049051", "bids": [[58.215, 662]], "asks": []}, {"timestamp": "2025-07-22T01:24:04.487438", "bids": [[58.894, 647], [58.215, 662]], "asks": []}, {"timestamp": "2025-07-22T01:24:10.001202", "bids": [[58.894, 647], [58.215, 662]], "asks": []}, {"timestamp": "2025-07-22T01:24:15.512637", "bids": [[63.002, 479], [58.894, 647], [58.215, 662]], "asks": []}, {"timestamp": "2025-07-22T01:24:21.060659", "bids": [[63.002, 479], [62.898, 380], [58.894, 647], [58.215, 662]], "asks": []}, {"timestamp": "2025-07-22T01:24:26.490189", "bids": [[63.002, 479], [62.898, 380], [58.894, 647], [58.215, 662]], "asks": []}, {"timestamp": "2025-07-22T01:24:31.938899", "bids": [[63.002, 479], [62.898, 380], [60.026, 643], [58.894, 647], [58.215, 662]], "asks": []}, {"timestamp": "2025-07-22T01:24:37.320474", "bids": [[63.002, 479], [62.898, 380], [60.964, 661], [60.026, 643], [58.894, 647], [58.215, 662]], "asks": []}, {"timestamp": "2025-07-22T01:24:42.878646", "bids": [[63.002, 479], [62.898, 380], [62.177, 256], [60.964, 661], [60.026, 643], [58.894, 647], [58.215, 662]], "asks": []}, {"timestamp": "2025-07-22T01:24:48.245409", "bids": [[63.227, 579], [63.002, 479], [62.898, 380], [62.177, 256], [60.964, 661], [60.026, 643], [58.894, 647], [58.215, 662]], "asks": []}, {"timestamp": "2025-07-22T01:24:53.788252", "bids": [[64.18, 355], [63.227, 579], [63.002, 479], [62.898, 380], [62.177, 256], [60.964, 661], [60.026, 643], [58.894, 647], [58.215, 662]], "asks": []}, {"timestamp": "2025-07-22T01:24:59.263002", "bids": [[65.835, 293], [64.18, 355], [63.227, 579], [63.002, 479], [62.898, 380], [62.177, 256], [60.964, 661], [60.026, 643], [58.894, 647], [58.215, 662]], "asks": []}, {"timestamp": "2025-07-22T01:25:04.734810", "bids": [[66.561, 620], [65.835, 293], [64.18, 355], [63.227, 579], [63.002, 479], [62.898, 380], [62.177, 256], [60.964, 661], [60.026, 643], [58.894, 647]], "asks": []}, {"timestamp": "2025-07-22T01:25:10.289463", "bids": [[66.561, 620], [65.835, 293], [65.07, 557], [64.18, 355], [63.227, 579], [63.002, 479], [62.898, 380], [62.177, 256], [60.964, 661], [60.026, 643]], "asks": []}, {"timestamp": "2025-07-22T01:25:15.751871", "bids": [[66.561, 620], [65.835, 293], [65.07, 557], [64.18, 355], [63.983, 345], [63.227, 579], [63.002, 479], [62.898, 380], [62.177, 256], [60.964, 661]], "asks": []}, {"timestamp": "2025-07-22T01:25:21.371859", "bids": [[66.561, 620], [65.835, 293], [65.07, 557], [64.18, 355], [63.983, 345], [63.227, 579], [63.002, 479], [62.898, 380], [62.611, 472], [62.177, 256]], "asks": []}, {"timestamp": "2025-07-22T01:25:26.928214", "bids": [[66.561, 620], [65.835, 293], [65.07, 557], [64.18, 355], [63.983, 345], [63.227, 579], [63.002, 479], [62.898, 380], [62.611, 472], [62.177, 256]], "asks": []}, {"timestamp": "2025-07-22T01:25:32.396605", "bids": [[66.561, 620], [65.835, 293], [65.07, 557], [64.18, 355], [63.983, 345], [63.227, 579], [63.002, 479], [62.898, 380], [62.611, 472], [62.177, 256]], "asks": []}, {"timestamp": "2025-07-22T01:25:37.925222", "bids": [[66.561, 620], [65.835, 293], [65.07, 557], [64.18, 355], [63.983, 345], [63.227, 579], [63.002, 479], [62.898, 380], [62.611, 472], [62.177, 256]], "asks": []}, {"timestamp": "2025-07-22T01:25:43.366323", "bids": [[66.561, 620], [65.835, 293], [65.07, 557], [64.18, 355], [63.983, 345], [63.227, 579], [63.002, 479], [62.898, 380], [62.611, 472], [62.177, 256]], "asks": []}, {"timestamp": "2025-07-22T01:25:48.894327", "bids": [[73.755, 116], [66.561, 620], [65.835, 293], [65.07, 557], [64.18, 355], [63.983, 345], [63.227, 579], [63.002, 479], [62.898, 380], [62.611, 472]], "asks": []}, {"timestamp": "2025-07-22T01:25:54.447120", "bids": [[73.755, 116], [66.561, 620], [65.835, 293], [65.07, 557], [64.18, 355], [63.983, 345], [63.227, 579], [63.002, 479], [62.898, 380], [62.611, 472]], "asks": []}, {"timestamp": "2025-07-22T01:26:00.032434", "bids": [[73.755, 116], [72.543, 389], [66.561, 620], [65.835, 293], [65.07, 557], [64.18, 355], [63.983, 345], [63.227, 579], [63.002, 479], [62.898, 380]], "asks": []}, {"timestamp": "2025-07-22T01:26:05.504039", "bids": [[73.755, 116], [73.101, 475], [72.543, 389], [66.561, 620], [65.835, 293], [65.07, 557], [64.18, 355], [63.983, 345], [63.227, 579], [63.002, 479]], "asks": []}, {"timestamp": "2025-07-22T01:26:10.944096", "bids": [[76.646, 365], [73.755, 116], [73.101, 475], [72.543, 389], [66.561, 620], [65.835, 293], [65.07, 557], [64.18, 355], [63.983, 345], [63.227, 579]], "asks": []}, {"timestamp": "2025-07-22T01:26:16.454105", "bids": [[76.646, 365], [74.706, 751], [73.755, 116], [73.101, 475], [72.543, 389], [66.561, 620], [65.835, 293], [65.07, 557], [64.18, 355], [63.983, 345]], "asks": []}, {"timestamp": "2025-07-22T01:26:21.944049", "bids": [[76.646, 365], [74.706, 751], [73.755, 116], [73.101, 475], [72.543, 389], [66.561, 620], [65.835, 293], [65.07, 557], [64.18, 355], [63.983, 345]], "asks": []}, {"timestamp": "2025-07-22T01:26:27.537954", "bids": [[76.646, 365], [74.706, 751], [74.106, 371], [73.755, 116], [73.101, 475], [72.543, 389], [66.561, 620], [65.835, 293], [65.07, 557], [64.18, 355]], "asks": []}, {"timestamp": "2025-07-22T01:26:33.064970", "bids": [[76.646, 365], [74.706, 751], [74.106, 371], [73.755, 116], [73.101, 475], [72.543, 389], [66.561, 620], [65.835, 293], [65.07, 557], [64.18, 355]], "asks": []}, {"timestamp": "2025-07-22T01:26:38.460230", "bids": [[77.62, 461], [76.646, 365], [74.706, 751], [74.106, 371], [73.755, 116], [73.101, 475], [72.543, 389], [66.561, 620], [65.835, 293], [65.07, 557]], "asks": []}, {"timestamp": "2025-07-22T01:26:44.008932", "bids": [[79.236, 593], [77.62, 461], [76.646, 365], [74.706, 751], [74.106, 371], [73.755, 116], [73.101, 475], [72.543, 389], [66.561, 620], [65.835, 293]], "asks": []}, {"timestamp": "2025-07-22T01:26:49.521867", "bids": [[79.236, 593], [77.62, 461], [76.646, 365], [74.706, 751], [74.106, 371], [73.755, 116], [73.101, 475], [72.543, 389], [66.561, 620], [65.835, 293]], "asks": []}, {"timestamp": "2025-07-22T01:26:54.948051", "bids": [[80.437, 889], [79.236, 593], [77.62, 461], [76.646, 365], [74.706, 751], [74.106, 371], [73.755, 116], [73.101, 475], [72.543, 389], [66.561, 620]], "asks": []}, {"timestamp": "2025-07-22T01:27:00.463280", "bids": [[82.066, 410], [80.437, 889], [79.236, 593], [77.62, 461], [76.646, 365], [74.706, 751], [74.106, 371], [73.755, 116], [73.101, 475], [72.543, 389]], "asks": []}, {"timestamp": "2025-07-22T01:27:05.934616", "bids": [[82.066, 410], [80.437, 889], [79.236, 593], [77.62, 461], [76.646, 365], [74.706, 751], [74.106, 371], [73.755, 116], [73.101, 475], [72.543, 389]], "asks": []}, {"timestamp": "2025-07-22T01:27:11.308727", "bids": [[86.321, 282], [82.066, 410], [80.437, 889], [79.236, 593], [77.62, 461], [76.646, 365], [74.706, 751], [74.106, 371], [73.755, 116], [73.101, 475]], "asks": []}, {"timestamp": "2025-07-22T01:27:16.596724", "bids": [[86.321, 282], [85.101, 656], [82.066, 410], [80.437, 889], [79.236, 593], [77.62, 461], [76.646, 365], [74.706, 751], [74.106, 371], [73.755, 116]], "asks": []}, {"timestamp": "2025-07-22T01:27:22.212813", "bids": [[86.321, 282], [85.101, 656], [84.62, 450], [82.066, 410], [80.437, 889], [79.236, 593], [77.62, 461], [76.646, 365], [74.706, 751], [74.106, 371]], "asks": []}, {"timestamp": "2025-07-22T01:27:27.603293", "bids": [[86.321, 282], [85.101, 656], [84.62, 450], [82.066, 410], [80.437, 889], [79.236, 593], [77.62, 461], [76.646, 365], [74.706, 751], [74.106, 371]], "asks": []}, {"timestamp": "2025-07-22T01:27:33.141741", "bids": [[86.321, 282], [85.101, 656], [84.62, 450], [82.066, 410], [80.437, 889], [79.236, 593], [77.62, 461], [76.646, 365], [74.706, 751], [74.106, 371]], "asks": []}, {"timestamp": "2025-07-22T01:27:38.812581", "bids": [[87.618, 354], [86.321, 282], [85.101, 656], [84.62, 450], [82.066, 410], [80.437, 889], [79.236, 593], [77.62, 461], [76.646, 365], [74.706, 751]], "asks": []}, {"timestamp": "2025-07-22T01:27:44.424815", "bids": [[90.395, 121], [87.618, 354], [86.321, 282], [85.101, 656], [84.62, 450], [82.066, 410], [80.437, 889], [79.236, 593], [77.62, 461], [76.646, 365]], "asks": []}, {"timestamp": "2025-07-22T01:27:49.908299", "bids": [[90.395, 121], [87.618, 354], [87.534, 453], [86.321, 282], [85.101, 656], [84.62, 450], [82.066, 410], [80.437, 889], [79.236, 593], [77.62, 461]], "asks": []}, {"timestamp": "2025-07-22T01:27:55.309916", "bids": [[90.395, 121], [89.166, 433], [87.618, 354], [87.534, 453], [86.321, 282], [85.101, 656], [84.62, 450], [82.066, 410], [80.437, 889], [79.236, 593]], "asks": []}, {"timestamp": "2025-07-22T01:28:00.843683", "bids": [[90.395, 121], [89.733, 627], [89.166, 433], [87.618, 354], [87.534, 453], [86.321, 282], [85.101, 656], [84.62, 450], [82.066, 410], [80.437, 889]], "asks": []}, {"timestamp": "2025-07-22T01:28:06.544821", "bids": [[90.395, 121], [89.733, 627], [89.166, 433], [89.08, 749], [87.618, 354], [87.534, 453], [86.321, 282], [85.101, 656], [84.62, 450], [82.066, 410]], "asks": []}, {"timestamp": "2025-07-22T01:28:12.141030", "bids": [[90.395, 121], [89.733, 627], [89.166, 433], [89.08, 749], [87.618, 354], [87.534, 453], [86.321, 282], [85.101, 656], [84.62, 450], [82.066, 410]], "asks": []}, {"timestamp": "2025-07-22T01:28:17.591585", "bids": [[90.395, 121], [89.733, 627], [89.166, 433], [89.08, 749], [87.618, 354], [87.534, 453], [86.321, 282], [85.101, 656], [84.62, 450], [82.066, 410]], "asks": []}, {"timestamp": "2025-07-22T01:28:23.019405", "bids": [[90.395, 121], [89.733, 627], [89.166, 433], [89.08, 749], [87.618, 354], [87.534, 453], [86.321, 282], [85.101, 656], [84.62, 450], [82.066, 410]], "asks": []}, {"timestamp": "2025-07-22T01:28:28.535800", "bids": [[90.395, 121], [89.733, 627], [89.166, 433], [89.08, 749], [87.626, 712], [87.618, 354], [87.534, 453], [86.321, 282], [85.101, 656], [84.62, 450]], "asks": []}]