[{"timestamp": "2025-07-22T01:23:59.808571", "bids": [[176.507, 399]], "asks": []}, {"timestamp": "2025-07-22T01:24:05.439019", "bids": [[176.507, 399], [167.473, 547]], "asks": []}, {"timestamp": "2025-07-22T01:24:10.756717", "bids": [[176.507, 399], [167.473, 547]], "asks": []}, {"timestamp": "2025-07-22T01:24:16.233522", "bids": [[176.507, 399], [167.473, 547], [159.598, 716]], "asks": []}, {"timestamp": "2025-07-22T01:24:21.606358", "bids": [[176.507, 399], [167.473, 547], [165.54, 501], [159.598, 716]], "asks": []}, {"timestamp": "2025-07-22T01:24:27.240137", "bids": [[176.507, 399], [167.473, 547], [165.54, 501], [159.598, 716], [158.455, 471]], "asks": []}, {"timestamp": "2025-07-22T01:24:32.841639", "bids": [[176.507, 399], [167.473, 547], [165.54, 501], [159.598, 716], [158.455, 471], [151.477, 756]], "asks": []}, {"timestamp": "2025-07-22T01:24:38.459133", "bids": [[176.507, 399], [167.473, 547], [165.54, 501], [159.598, 716], [158.455, 471], [151.477, 756]], "asks": []}, {"timestamp": "2025-07-22T01:24:44.087656", "bids": [[176.507, 399], [167.473, 547], [165.54, 501], [159.598, 716], [158.455, 471], [151.477, 756]], "asks": []}, {"timestamp": "2025-07-22T01:24:49.694375", "bids": [[176.507, 399], [167.473, 547], [165.54, 501], [159.598, 716], [158.455, 471], [151.477, 756]], "asks": []}, {"timestamp": "2025-07-22T01:24:55.110441", "bids": [[176.507, 399], [167.473, 547], [165.54, 501], [159.598, 716], [158.455, 471], [151.477, 756]], "asks": []}, {"timestamp": "2025-07-22T01:25:00.605353", "bids": [[176.507, 399], [167.473, 547], [165.54, 501], [159.598, 716], [158.455, 471], [151.477, 756], [139.366, 609]], "asks": []}, {"timestamp": "2025-07-22T01:25:06.017225", "bids": [[176.507, 399], [167.473, 547], [165.54, 501], [159.598, 716], [158.455, 471], [151.477, 756], [142.595, 656], [139.366, 609]], "asks": []}, {"timestamp": "2025-07-22T01:25:11.588736", "bids": [[176.507, 399], [167.473, 547], [165.54, 501], [159.598, 716], [158.455, 471], [151.477, 756], [142.595, 656], [139.366, 609]], "asks": []}, {"timestamp": "2025-07-22T01:25:17.147944", "bids": [[176.507, 399], [167.473, 547], [165.54, 501], [159.598, 716], [158.455, 471], [151.477, 756], [142.595, 656], [139.366, 609]], "asks": []}, {"timestamp": "2025-07-22T01:25:22.610147", "bids": [[176.507, 399], [167.473, 547], [165.54, 501], [159.598, 716], [158.455, 471], [151.477, 756], [143.834, 205], [142.595, 656], [139.366, 609]], "asks": []}, {"timestamp": "2025-07-22T01:25:28.137021", "bids": [[176.507, 399], [167.473, 547], [165.54, 501], [159.598, 716], [158.455, 471], [151.477, 756], [143.834, 205], [142.595, 656], [142.511, 357], [139.366, 609]], "asks": []}, {"timestamp": "2025-07-22T01:25:33.725022", "bids": [[176.507, 399], [167.473, 547], [165.54, 501], [159.598, 716], [158.455, 471], [151.477, 756], [143.834, 205], [142.873, 411], [142.595, 656], [142.511, 357]], "asks": []}, {"timestamp": "2025-07-22T01:25:39.258598", "bids": [[176.507, 399], [167.473, 547], [165.54, 501], [159.598, 716], [158.455, 471], [151.477, 756], [144.068, 652], [143.834, 205], [142.873, 411], [142.595, 656]], "asks": []}, {"timestamp": "2025-07-22T01:25:44.994076", "bids": [[176.507, 399], [167.473, 547], [165.54, 501], [159.598, 716], [158.455, 471], [151.477, 756], [146.868, 342], [144.068, 652], [143.834, 205], [142.873, 411]], "asks": []}, {"timestamp": "2025-07-22T01:25:50.454373", "bids": [[176.507, 399], [167.473, 547], [165.54, 501], [159.598, 716], [158.455, 471], [151.477, 756], [148.311, 357], [146.868, 342], [144.068, 652], [143.834, 205]], "asks": []}, {"timestamp": "2025-07-22T01:25:55.838773", "bids": [[176.507, 399], [167.473, 547], [165.54, 501], [159.598, 716], [158.455, 471], [151.477, 756], [148.311, 357], [146.868, 342], [144.068, 652], [143.834, 205]], "asks": []}, {"timestamp": "2025-07-22T01:26:01.149951", "bids": [[176.507, 399], [167.473, 547], [165.54, 501], [159.598, 716], [158.455, 471], [151.477, 756], [148.311, 357], [146.868, 342], [144.068, 652], [143.834, 205]], "asks": []}, {"timestamp": "2025-07-22T01:26:06.672549", "bids": [[176.507, 399], [167.473, 547], [165.54, 501], [159.598, 716], [158.455, 471], [151.477, 756], [148.311, 357], [146.868, 342], [144.068, 652], [143.834, 205]], "asks": []}, {"timestamp": "2025-07-22T01:26:12.135237", "bids": [[176.507, 399], [167.473, 547], [165.54, 501], [159.598, 716], [158.455, 471], [151.477, 756], [148.311, 357], [146.868, 342], [144.068, 652], [143.834, 205]], "asks": []}, {"timestamp": "2025-07-22T01:26:17.564630", "bids": [[176.507, 399], [167.473, 547], [165.54, 501], [159.598, 716], [158.455, 471], [151.477, 756], [148.311, 357], [146.868, 342], [144.068, 652], [143.834, 205]], "asks": []}, {"timestamp": "2025-07-22T01:26:23.127530", "bids": [[176.507, 399], [167.473, 547], [165.54, 501], [159.598, 716], [158.455, 471], [151.477, 756], [148.311, 357], [146.868, 342], [144.068, 652], [143.834, 205]], "asks": []}, {"timestamp": "2025-07-22T01:26:28.724582", "bids": [[176.507, 399], [167.473, 547], [165.54, 501], [159.598, 716], [158.455, 471], [151.477, 756], [148.311, 357], [146.868, 342], [144.068, 652], [143.834, 205]], "asks": []}, {"timestamp": "2025-07-22T01:26:34.328809", "bids": [[176.507, 399], [167.473, 547], [165.54, 501], [159.598, 716], [158.455, 471], [151.477, 756], [148.311, 357], [146.868, 342], [144.068, 652], [143.834, 205]], "asks": []}, {"timestamp": "2025-07-22T01:26:39.798464", "bids": [[176.507, 399], [167.473, 547], [165.54, 501], [159.598, 716], [158.455, 471], [151.477, 756], [148.311, 357], [146.868, 342], [144.068, 652], [143.834, 205]], "asks": []}, {"timestamp": "2025-07-22T01:26:45.258289", "bids": [[176.507, 399], [167.473, 547], [165.54, 501], [159.598, 716], [158.455, 471], [151.477, 756], [148.311, 357], [146.868, 342], [144.068, 652], [143.834, 205]], "asks": []}, {"timestamp": "2025-07-22T01:26:50.948977", "bids": [[176.507, 399], [167.473, 547], [165.54, 501], [159.598, 716], [158.455, 471], [151.477, 756], [148.311, 357], [146.868, 342], [144.068, 652], [143.834, 205]], "asks": []}, {"timestamp": "2025-07-22T01:26:56.430886", "bids": [[176.507, 399], [167.473, 547], [165.54, 501], [159.598, 716], [158.455, 471], [151.477, 756], [148.311, 357], [146.868, 342], [144.068, 652], [143.834, 205]], "asks": []}, {"timestamp": "2025-07-22T01:27:01.930299", "bids": [[176.507, 399], [167.473, 547], [165.54, 501], [159.598, 716], [158.455, 471], [151.477, 756], [148.311, 357], [146.868, 342], [144.068, 652], [143.834, 205]], "asks": []}, {"timestamp": "2025-07-22T01:27:07.343165", "bids": [[176.507, 399], [167.473, 547], [165.54, 501], [159.598, 716], [158.455, 471], [151.477, 756], [148.311, 357], [146.868, 342], [144.068, 652], [143.834, 205]], "asks": []}, {"timestamp": "2025-07-22T01:27:12.767089", "bids": [[176.507, 399], [167.473, 547], [165.54, 501], [159.598, 716], [158.455, 471], [151.477, 756], [148.311, 357], [146.868, 342], [144.068, 652], [143.834, 205]], "asks": []}, {"timestamp": "2025-07-22T01:27:18.435107", "bids": [[176.507, 399], [167.473, 547], [165.54, 501], [159.598, 716], [158.455, 471], [151.477, 756], [148.311, 357], [146.868, 342], [144.068, 652], [143.834, 205]], "asks": []}, {"timestamp": "2025-07-22T01:27:24.006125", "bids": [[176.507, 399], [167.473, 547], [165.54, 501], [159.598, 716], [158.455, 471], [151.477, 756], [148.311, 357], [146.868, 342], [144.068, 652], [143.834, 205]], "asks": []}, {"timestamp": "2025-07-22T01:27:29.495328", "bids": [[176.507, 399], [167.473, 547], [165.54, 501], [159.598, 716], [158.455, 471], [151.477, 756], [148.311, 357], [146.868, 342], [144.068, 652], [143.834, 205]], "asks": []}, {"timestamp": "2025-07-22T01:27:34.864053", "bids": [[176.507, 399], [167.473, 547], [165.54, 501], [159.598, 716], [158.455, 471], [151.477, 756], [148.311, 357], [146.868, 342], [144.068, 652], [143.834, 205]], "asks": []}, {"timestamp": "2025-07-22T01:27:40.340666", "bids": [[176.507, 399], [167.473, 547], [165.54, 501], [159.598, 716], [158.455, 471], [151.477, 756], [148.311, 357], [146.868, 342], [144.068, 652], [143.834, 205]], "asks": []}, {"timestamp": "2025-07-22T01:27:45.771859", "bids": [[176.507, 399], [167.473, 547], [165.54, 501], [159.598, 716], [158.455, 471], [151.477, 756], [148.311, 357], [146.868, 342], [144.068, 652], [143.834, 205]], "asks": []}, {"timestamp": "2025-07-22T01:27:51.253677", "bids": [[176.507, 399], [167.473, 547], [165.54, 501], [159.598, 716], [158.455, 471], [151.477, 756], [148.311, 357], [146.868, 342], [144.068, 652], [143.834, 205]], "asks": []}, {"timestamp": "2025-07-22T01:27:56.689592", "bids": [[176.507, 399], [167.473, 547], [165.54, 501], [159.598, 716], [158.455, 471], [151.477, 756], [148.311, 357], [146.868, 342], [144.068, 652], [143.834, 205]], "asks": []}, {"timestamp": "2025-07-22T01:28:02.255450", "bids": [[176.507, 399], [167.473, 547], [165.54, 501], [159.598, 716], [158.455, 471], [151.477, 756], [148.311, 357], [146.868, 342], [144.068, 652], [143.834, 205]], "asks": []}, {"timestamp": "2025-07-22T01:28:07.704316", "bids": [[176.507, 399], [167.473, 547], [165.54, 501], [159.598, 716], [158.455, 471], [151.477, 756], [148.311, 357], [146.868, 342], [144.068, 652], [143.834, 205]], "asks": []}, {"timestamp": "2025-07-22T01:28:13.309269", "bids": [[176.507, 399], [167.473, 547], [165.54, 501], [159.598, 716], [158.455, 471], [151.477, 756], [148.311, 357], [146.868, 342], [144.068, 652], [143.834, 205]], "asks": []}, {"timestamp": "2025-07-22T01:28:18.831789", "bids": [[176.507, 399], [167.473, 547], [165.54, 501], [159.598, 716], [158.455, 471], [151.477, 756], [148.311, 357], [146.868, 342], [144.068, 652], [143.834, 205]], "asks": []}, {"timestamp": "2025-07-22T01:28:24.279121", "bids": [[176.507, 399], [167.473, 547], [165.54, 501], [159.598, 716], [158.455, 471], [151.477, 756], [148.311, 357], [146.868, 342], [144.068, 652], [143.834, 205]], "asks": []}, {"timestamp": "2025-07-22T01:28:29.688402", "bids": [[176.507, 399], [167.473, 547], [165.54, 501], [159.598, 716], [158.455, 471], [151.477, 756], [148.311, 357], [146.868, 342], [144.068, 652], [143.834, 205]], "asks": []}]