[{"timestamp": "2025-07-22T01:23:58.362175", "bids": [[93.439, 585]], "asks": []}, {"timestamp": "2025-07-22T01:24:03.907738", "bids": [[93.439, 585]], "asks": []}, {"timestamp": "2025-07-22T01:24:09.355329", "bids": [[93.439, 585]], "asks": []}, {"timestamp": "2025-07-22T01:24:14.899015", "bids": [[96.663, 778], [93.439, 585]], "asks": []}, {"timestamp": "2025-07-22T01:24:20.405136", "bids": [[96.663, 778], [94.418, 483], [93.439, 585]], "asks": []}, {"timestamp": "2025-07-22T01:24:25.982309", "bids": [[96.663, 778], [94.418, 483], [93.439, 585], [92.378, 585]], "asks": []}, {"timestamp": "2025-07-22T01:24:31.509305", "bids": [[96.663, 778], [94.418, 483], [93.439, 585], [92.378, 585], [91.278, 533]], "asks": []}, {"timestamp": "2025-07-22T01:24:36.980590", "bids": [[96.663, 778], [94.418, 483], [93.439, 585], [92.378, 585], [91.278, 533]], "asks": []}, {"timestamp": "2025-07-22T01:24:42.564166", "bids": [[96.663, 778], [94.418, 483], [93.439, 585], [92.378, 585], [91.278, 533]], "asks": []}, {"timestamp": "2025-07-22T01:24:48.192336", "bids": [[96.663, 778], [94.418, 483], [93.439, 585], [92.378, 585], [91.278, 533], [90.076, 315]], "asks": []}, {"timestamp": "2025-07-22T01:24:53.699193", "bids": [[96.663, 778], [94.418, 483], [93.439, 585], [92.378, 585], [91.278, 533], [90.076, 315], [88.753, 237]], "asks": []}, {"timestamp": "2025-07-22T01:24:59.212943", "bids": [[96.663, 778], [94.418, 483], [93.439, 585], [92.378, 585], [91.278, 533], [90.076, 315], [88.753, 237]], "asks": []}, {"timestamp": "2025-07-22T01:25:04.765438", "bids": [[96.663, 778], [94.418, 483], [93.439, 585], [92.378, 585], [91.278, 533], [90.076, 315], [89.058, 504], [88.753, 237]], "asks": []}, {"timestamp": "2025-07-22T01:25:10.263863", "bids": [[96.663, 778], [94.418, 483], [93.439, 585], [92.378, 585], [91.278, 533], [90.076, 315], [89.058, 504], [88.753, 237]], "asks": []}, {"timestamp": "2025-07-22T01:25:15.761822", "bids": [[96.663, 778], [94.418, 483], [93.439, 585], [92.378, 585], [91.278, 533], [90.076, 315], [89.058, 504], [88.753, 237], [84.234, 411]], "asks": []}, {"timestamp": "2025-07-22T01:25:21.171356", "bids": [[96.663, 778], [94.418, 483], [93.439, 585], [92.378, 585], [91.278, 533], [90.076, 315], [89.058, 504], [88.753, 237], [84.234, 411]], "asks": []}, {"timestamp": "2025-07-22T01:25:26.541286", "bids": [[96.663, 778], [94.418, 483], [93.439, 585], [92.378, 585], [91.278, 533], [90.076, 315], [89.058, 504], [88.753, 237], [85.203, 490], [84.234, 411]], "asks": []}, {"timestamp": "2025-07-22T01:25:32.053717", "bids": [[96.663, 778], [94.418, 483], [93.439, 585], [92.378, 585], [91.278, 533], [90.076, 315], [89.058, 504], [88.753, 237], [85.203, 490], [84.234, 411]], "asks": []}, {"timestamp": "2025-07-22T01:25:37.502955", "bids": [[96.663, 778], [94.418, 483], [93.439, 585], [92.378, 585], [91.278, 533], [90.076, 315], [89.058, 504], [88.753, 237], [85.203, 490], [84.234, 411]], "asks": []}, {"timestamp": "2025-07-22T01:25:43.020839", "bids": [[96.663, 778], [94.418, 483], [93.439, 585], [92.378, 585], [91.278, 533], [90.076, 315], [89.058, 504], [88.753, 237], [85.203, 490], [84.234, 411]], "asks": []}, {"timestamp": "2025-07-22T01:25:48.575346", "bids": [[96.663, 778], [94.418, 483], [93.439, 585], [92.378, 585], [91.278, 533], [90.076, 315], [89.058, 504], [88.753, 237], [85.203, 490], [84.234, 411]], "asks": []}, {"timestamp": "2025-07-22T01:25:54.172908", "bids": [[96.663, 778], [94.418, 483], [93.439, 585], [92.378, 585], [91.278, 533], [90.076, 315], [89.058, 504], [88.753, 237], [85.203, 490], [84.234, 411]], "asks": []}, {"timestamp": "2025-07-22T01:25:59.710036", "bids": [[96.663, 778], [94.418, 483], [93.439, 585], [92.378, 585], [91.278, 533], [90.076, 315], [89.058, 504], [88.753, 237], [85.203, 490], [84.234, 411]], "asks": []}, {"timestamp": "2025-07-22T01:26:05.398168", "bids": [[96.663, 778], [94.418, 483], [93.439, 585], [92.378, 585], [91.278, 533], [90.076, 315], [89.058, 504], [88.753, 237], [85.203, 490], [84.234, 411]], "asks": []}, {"timestamp": "2025-07-22T01:26:10.890535", "bids": [[96.663, 778], [94.418, 483], [93.439, 585], [92.378, 585], [91.278, 533], [90.076, 315], [89.058, 504], [88.753, 237], [85.203, 490], [84.234, 411]], "asks": []}, {"timestamp": "2025-07-22T01:26:16.353905", "bids": [[96.663, 778], [94.418, 483], [93.439, 585], [92.378, 585], [91.278, 533], [90.076, 315], [89.058, 504], [88.753, 237], [85.203, 490], [84.234, 411]], "asks": []}, {"timestamp": "2025-07-22T01:26:21.927528", "bids": [[96.663, 778], [94.418, 483], [93.439, 585], [92.378, 585], [91.278, 533], [90.076, 315], [89.058, 504], [88.753, 237], [85.203, 490], [84.234, 411]], "asks": []}, {"timestamp": "2025-07-22T01:26:27.483843", "bids": [[96.663, 778], [94.418, 483], [93.439, 585], [92.378, 585], [91.278, 533], [90.076, 315], [89.058, 504], [88.753, 237], [85.203, 490], [84.234, 411]], "asks": []}, {"timestamp": "2025-07-22T01:26:32.923959", "bids": [[96.663, 778], [94.418, 483], [93.439, 585], [92.378, 585], [91.278, 533], [90.076, 315], [89.058, 504], [88.753, 237], [85.203, 490], [84.234, 411]], "asks": []}, {"timestamp": "2025-07-22T01:26:38.393342", "bids": [[96.663, 778], [94.418, 483], [93.439, 585], [92.378, 585], [91.278, 533], [90.076, 315], [89.058, 504], [88.753, 237], [85.203, 490], [84.234, 411]], "asks": []}, {"timestamp": "2025-07-22T01:26:43.908235", "bids": [[96.663, 778], [94.418, 483], [93.439, 585], [92.378, 585], [91.278, 533], [90.076, 315], [89.058, 504], [88.753, 237], [85.203, 490], [84.234, 411]], "asks": []}, {"timestamp": "2025-07-22T01:26:49.434877", "bids": [[96.663, 778], [94.418, 483], [93.439, 585], [92.378, 585], [91.278, 533], [90.076, 315], [89.058, 504], [88.753, 237], [86.465, 478], [85.203, 490]], "asks": []}, {"timestamp": "2025-07-22T01:26:55.026126", "bids": [[96.663, 778], [94.418, 483], [93.439, 585], [92.378, 585], [91.278, 533], [90.076, 315], [89.058, 504], [88.753, 237], [88.039, 268], [86.465, 478]], "asks": []}, {"timestamp": "2025-07-22T01:27:00.628894", "bids": [[96.663, 778], [94.418, 483], [93.439, 585], [92.378, 585], [91.278, 533], [90.076, 315], [89.058, 504], [88.753, 237], [88.039, 268], [86.465, 478]], "asks": []}, {"timestamp": "2025-07-22T01:27:06.166658", "bids": [[96.663, 778], [94.418, 483], [93.439, 585], [92.378, 585], [91.278, 533], [90.076, 315], [89.058, 504], [88.753, 237], [88.039, 268], [86.465, 478]], "asks": []}, {"timestamp": "2025-07-22T01:27:11.601336", "bids": [[96.663, 778], [94.418, 483], [93.439, 585], [92.378, 585], [91.278, 533], [90.076, 315], [89.058, 504], [88.753, 237], [88.039, 268], [86.465, 478]], "asks": []}, {"timestamp": "2025-07-22T01:27:17.109857", "bids": [[96.663, 778], [94.418, 483], [93.439, 585], [92.378, 585], [91.278, 533], [90.076, 315], [89.058, 504], [88.753, 237], [88.039, 268], [86.465, 478]], "asks": []}, {"timestamp": "2025-07-22T01:27:22.652157", "bids": [[96.663, 778], [94.418, 483], [93.439, 585], [92.378, 585], [91.278, 533], [90.076, 315], [89.058, 504], [88.753, 237], [88.039, 268], [86.465, 478]], "asks": []}, {"timestamp": "2025-07-22T01:27:28.109109", "bids": [[96.663, 778], [94.418, 483], [93.439, 585], [92.378, 585], [91.278, 533], [90.076, 315], [89.058, 504], [88.753, 237], [88.039, 268], [86.465, 478]], "asks": []}, {"timestamp": "2025-07-22T01:27:33.671237", "bids": [[96.663, 778], [94.418, 483], [93.439, 585], [92.378, 585], [91.278, 533], [90.076, 315], [89.058, 504], [88.753, 237], [88.039, 268], [86.465, 478]], "asks": []}, {"timestamp": "2025-07-22T01:27:39.241580", "bids": [[96.663, 778], [94.418, 483], [93.439, 585], [92.378, 585], [91.278, 533], [90.076, 315], [89.058, 504], [88.753, 237], [88.039, 268], [86.465, 478]], "asks": []}, {"timestamp": "2025-07-22T01:27:44.784015", "bids": [[96.663, 778], [94.418, 483], [93.439, 585], [92.378, 585], [91.278, 533], [90.076, 315], [89.058, 504], [88.753, 237], [88.039, 268], [86.465, 478]], "asks": []}, {"timestamp": "2025-07-22T01:27:50.303342", "bids": [[96.663, 778], [94.418, 483], [93.439, 585], [92.378, 585], [91.278, 533], [90.076, 315], [89.058, 504], [88.753, 237], [88.039, 268], [86.465, 478]], "asks": []}, {"timestamp": "2025-07-22T01:27:55.732711", "bids": [[96.663, 778], [94.418, 483], [93.439, 585], [92.378, 585], [91.278, 533], [90.076, 315], [89.058, 504], [88.753, 237], [88.039, 268], [86.465, 478]], "asks": []}, {"timestamp": "2025-07-22T01:28:01.269704", "bids": [[96.663, 778], [94.418, 483], [93.439, 585], [92.378, 585], [91.278, 533], [90.076, 315], [89.058, 504], [88.753, 237], [88.039, 268], [86.465, 478]], "asks": []}, {"timestamp": "2025-07-22T01:28:06.818628", "bids": [[96.663, 778], [94.418, 483], [93.439, 585], [92.378, 585], [91.278, 533], [90.076, 315], [89.058, 504], [88.753, 237], [88.039, 268], [86.465, 478]], "asks": []}, {"timestamp": "2025-07-22T01:28:12.343226", "bids": [[96.663, 778], [94.418, 483], [93.439, 585], [92.378, 585], [91.278, 533], [90.076, 315], [89.058, 504], [88.753, 237], [88.039, 268], [86.465, 478]], "asks": []}, {"timestamp": "2025-07-22T01:28:17.706828", "bids": [[96.663, 778], [94.418, 483], [93.439, 585], [92.378, 585], [91.278, 533], [90.076, 315], [89.058, 504], [88.753, 237], [88.039, 268], [86.465, 478]], "asks": []}, {"timestamp": "2025-07-22T01:28:23.381411", "bids": [[96.663, 778], [94.418, 483], [93.439, 585], [92.378, 585], [91.278, 533], [90.076, 315], [89.058, 504], [88.753, 237], [88.039, 268], [86.465, 478]], "asks": []}, {"timestamp": "2025-07-22T01:28:28.938427", "bids": [[96.663, 778], [94.418, 483], [93.439, 585], [92.378, 585], [91.278, 533], [90.076, 315], [89.058, 504], [88.753, 237], [88.039, 268], [86.465, 478]], "asks": []}]